4824 5702
990 308 1225 422 „A-

266 537 314 603 Et
336 531 588 601 recordabimur
604 529 721 594 statim
737 527 853 592 similis
877 525 942 590 loci
965 524 1153 608 Asinariae,
1178 525 1236 589 ubi
1261 527 1491 596 Demaenetus
1515 555 1617 600 senex
1640 539 1792 623 ejusdem
1816 541 1936 628 culpae
1959 567 2045 632 reus,
2062 548 2120 615 sed

267 661 367 748 plane
391 657 555 740 devictus,
580 653 804 719 Artemonem
828 653 904 715 orat
927 671 959 717 v.
985 649 1065 714 935:

428 779 513 866 „DE
569 777 647 843 Non
670 776 750 840 licet
772 795 919 862 manere,
945 795 1029 839 cena
1052 773 1216 858 coquitur,
1241 775 1323 840 dum
1347 799 1464 846 cenem
1487 784 1631 850 modo?“

428 903 553 992 „Anu
599 903 743 967 Ecastor
766 900 904 966 cenabis
928 897 1039 983 hodie,
1063 905 1102 962 ut
1125 897 1249 983 dignus
1273 921 1317 982 es,
1343 923 1508 990 magnum
1531 907 1692 978 malum.“

426 1029 516 1094 Nam
550 1048 659 1111 neque
694 1025 729 1090 in
752 1024 940 1089 Mercatore
975 1043 1083 1107 neque
1118 1021 1154 1086 in
1177 1021 1336 1088 Asinaria
1359 1047 1455 1092 senes
1479 1029 1521 1094 de
1545 1030 1610 1096 hac
1632 1055 1668 1098 10
1689 1036 1762 1120 jam
1787 1038 1937 1124 cogitare
1964 1051 2119 1131 possunt,

268 1153 397 1221 insola
422 1157 537 1217 autem
559 1149 739 1215 Asinariae
762 1168 863 1212 scena
886 1145 1075 1211 Artemona
1098 1145 1221 1210 marito
1244 1149 1430 1235 respondet
1453 1157 1488 1216 et
1510 1153 1545 1218 id
1572 1157 1693 1221 merito
1723 1158 1839 1244 mod03
1870 1162 1906 1227 in
1929 1163 2119 1236 Mercatore

269 1281 406 1345 absente
429 1297 533 1341 uxore
557 1295 659 1338 senex
682 1272 767 1338 haec
789 1270 894 1336 verba
917 1270 1126 1356 pronuntiat.
1162 1269 1291 1337 Neutro
1314 1273 1388 1340 loco
1412 1297 1524 1341 rerum
1547 1283 1656 1344 status
1684 1283 1863 1370 respicitur
1889 1293 1924 1352 et
1953 1297 2118 1382 servatur,

267 1403 324 1468 sed
349 1406 580 1490 spectatorum
603 1402 741 1463 tanturn
765 1393 984 1460 delectationi
1006 1393 1042 1457 hi
1063 1381 1131 1480 joci
1155 1394 1280 1460 servire
1302 1403 1456 1483 possunt,

427 1523 495 1590 Sed
528 1521 682 1587 fabulam
716 1520 848 1586 Itomae
882 1517 934 1582 his
969 1517 1106 1602 quidem
1141 1518 1222 1582 satis
1256 1519 1425 1606 placuisse
1456 1523 1512 1590 vel
1536 1547 1578 1592 ex
1601 1549 1640 1593 00
1663 1535 1777 1616 potest
1801 1535 1919 1624 conici,
1944 1541 2033 1623 quod
2058 1564 2120 1630 per

265 1657 377 1718 totam
399 1649 626 1715 Mercatorem
649 1643 880 1711 retractatoris
894 1641 1075 1729 velpotius
1099 1649 1361 1710 retractatorum
1389 1668 1510 1714 manus
1545 1672 1648 1739 saepe
1681 1653 1978 1748 deprehendimus;
2014 1665 2119 1732 etiam

264 1775 427 1863 prologus
462 1771 664 1858 compluries
699 1773 904 1834 retractatus
929 1770 1032 1850 atque
1055 1788 1097 1832 ex
1120 1767 1261 1832 diversis
1285 1769 1495 1837 diversorum
1519 1779 1713 1862 temporum
1737 1782 1892 1868 partibus
1915 1789 2118 1856 commixtus

264 1900 356 1966 idem
379 1900 600 1964 demonstrat.
647 1894 765 1979 Neque
789 1891 908 1980 negari
929 1896 1044 1978 potest
1066 1891 1177 1956 multa
1200 1892 1235 1957 in
1258 1892 1324 1959 hac
1346 1893 1465 1961 fabula
1488 1897 1606 1984 inesse,
1632 1921 1719 1985 qnae
1742 1904 1839 1971 nobis
1863 1928 1997 1995 quoque
2012 1913 2119 1981 risum

264 2027 436 2089 moveant.
483 2021 622 2086 Etenim
633 2025 805 2085 certamen
828 2017 918 2083 senis
942 2021 977 2081 et
1001 2015 1224 2081 adulescentis
1248 2016 1291 2082 de
1317 2020 1462 2084 emenda
1477 2021 1602 2108 puella,
1618 2025 1784 2112 profectio
1802 2035 1837 2096 at
1852 2033 1955 2098 vastis
1971 2039 2118 2105 mutatio

265 2146 414 2233 Charini,
436 2146 592 2233 jurgium
614 2143 813 2230 Lysimachi
836 2147 871 2208 01
893 2141 1080 2228 Dorippae,
1104 2141 1203 2225 coqui
1227 2145 1262 2206 et
1277 2140 1473 2228 Lysimachi
1497 2147 1580 2211 satis
1603 2148 1747 2215 ridicula
1771 2158 1861 2223 sunt.
1907 2156 2073 2227 Attamen
2089 2162 2118 2227 si

267 2271 454 2337 accuratius
478 2291 550 2335 rem
574 2266 813 2355 spectabimus,
838 2264 994 2350 quamvis
1012 2265 1159 2329 comicae
1181 2264 1325 2350 levitati,
1349 2288 1437 2352 quae
1461 2271 1594 2357 saepius
1617 2279 1753 2359 praeter
1775 2298 1848 2343 rem
1869 2281 1925 2346 vel
1941 2283 2054 2370 etiam,
2078 2292 2118 2352 ut

263 2396 312 2461 ita
346 2396 468 2479 dicam,
505 2399 625 2459 eontra
658 2412 731 2456 rem
765 2394 996 2476 spectatorum
1034 2387 1206 2474 voluptati
1234 2394 1371 2454 tantum
1404 2390 1593 2480 indulgeat,
1634 2397 1847 2484 aliquantum
1882 2408 2116 2497 concedamus,

264 2519 478 2606 aliquantum
501 2514 781 2583 retractatoribus
794 2513 1033 2596 condonemus,
1053 2517 1171 2576 tamen
1182 2512 1345 2578 Plautum
1368 2514 1404 2579 in
1426 2513 1491 2580 hac
1514 2517 1651 2602 quidem
1675 2519 1795 2587 fabula
1817 2527 1951 2613 saepius
1974 2531 2117 2600 nimium

262 2643 326 2709 sibi
348 2641 539 2730 permisisse
562 2659 672 2724 neque
695 2637 778 2701 satis
803 2640 1044 2721 argumentum
1067 2633 1207 2700 fabulae
1230 2641 1264 2701 et
1298 2659 1411 2702 rerum
1444 2661 1733 2729 personarumque
1768 2652 1896 2716 statum
1930 2656 2116 2744 respexisse

266 2767 498 2832 'udioabimus

259 2792 273 2855 l
422 2888 493 2954 Sub
528 2885 631 2951 finem
666 2885 771 2949 etiam
804 2882 846 2948 de
870 2882 1001 2948 duobus
1025 2881 1106 2948 locis
1141 2883 1283 2970 singulis
1313 2885 1460 2952 breviter
1496 2909 1608 2976 agam.
1655 2891 1770 2978 Atque
1804 2897 1953 2984 primum
1976 2901 2115 2988 quide'm

262 3039 295 3083 v.
318 3017 402 3084 276:

775 3115 848 3200 „Ac
870 3119 996 3198 metuo,
1021 3135 1064 3179 na
1086 3113 1185 3180 illaec
1208 3117 1324 3182 simiae
1347 3117 1454 3205 partis
1479 3117 1602 3186 ferat.“

266 3245 459 3333 scrupulum
481 3245 565 3310 mihi
587 3247 712 3309 movet.
760 3239 924 3318 Quisnam
947 3244 1008 3321 est,
1033 3259 1135 3322 quem
1156 3245 1260 3326 poeta
1282 3241 1386 3306 verbo
1404 3240 1545 3326 „illaeo“
1562 3245 1754 3331 signifieat?
1799 3251 1970 3342 Demipho
1983 3261 2113 3328 somnio

261 3376 400 3435 narrato
434 3391 453 3434 0
486 3368 598 3434 verbis
633 3365 736 3432 vieini
771 3385 871 3429 omen
905 3362 1060 3449 indagat.
1117 3363 1194 3429 Iam
1227 3387 1285 3434 vr.
1321 3366 1511 3453 ree-254,
1546 3371 1613 3434 268
1646 3371 1901 3464 Pasicompsam
1925 3403 2028 3471 capra
2054 3386 2115 3453 ille

259 3493 486 3560 demonstrari
508 3491 732 3558 intellexerat.
778 3491 878 3552 Nunc
900 3509 934 3554 v.
959 3487 1024 3552 275
1047 3508 1187 3553 uxorem
1210 3490 1411 3556 nominavit.
1458 3489 1525 3558 Sed
1550 3494 1592 3559 ad
1609 3494 1699 3563 hano
1714 3499 1807 3567 nullo
1823 3505 1923 3571 modo
1940 3529 2040 3574 versu
2060 3532 2111 3597 eo,

259 3619 317 3704 qui
340 3618 503 3703 sequitur,
527 3621 641 3703 potest
663 3614 838 3701 respicere,
862 3610 1063 3699 praesertim
1086 3632 1164 3676 oum
1186 3636 1219 3679 v.
1244 3615 1432 3680 214011010
1457 3615 1679 3706 illaoapram
1714 3625 1757 3689 ad
1791 3647 1930 3694 uxorem
1965 3632 2039 3720 ejus
2074 3655 2111 3701 se

259 3746 531 3811 introducturam
553 3763 625 3808 esse
648 3740 779 3806 minata
802 3737 855 3802 sit.
903 3736 955 3802 De
977 3757 1046 3801 uno
1069 3736 1181 3801 vicino
1205 3737 1278 3824 ipso
1295 3740 1438 3826 cogitari
1453 3747 1578 3828 potest.
1626 3744 1807 3824 Quaecnm
1824 3751 1873 3817 ita
1889 3752 1967 3841 sint,
1990 3756 2112 3826 illaec

260 3869 297 3933 in
319 3868 404 3934 illic
426 3868 629 3933 mutandum
653 3869 705 3930 est
727 3869 763 3929 et
785 3860 1015 3928 scribendum:

687 3989 760 4075 „Ac
782 3992 908 4071 metuo,
932 4007 974 4050 ne
997 3983 1067 4049 illio
1089 3984 1206 4051 simiae
1229 3992 1344 4073 partes
1368 3987 1489 4059 faret.“

684 4115 802 4200 Neque
824 4132 904 4177 vero
927 4109 1037 4196 magis
1060 4108 1232 4196 intellego,
1256 4111 1338 4196 quid
1361 4113 1426 4178 sibi
1447 4113 1530 4180 velit
1553 4138 1586 4186 v.
1610 4119 1693 4190 577:

686 4237 781 4324 „DE.
825 4234 901 4302 Scio
924 4233 982 4322 pol
1005 4238 1040 4298 te
1064 4253 1188 4319 amare,
1212 4255 1314 4319 quom
1336 4236 1443 4302 istaec
1464 4249 1717 4326 praemonstras
1736 4246 1852 4317 mihi.“

259 4388 416 4468 Quonam
438 4385 539 4451 modo
562 4380 733 4469 Demipho
757 4400 792 4445 se
815 4377 899 4442 scire
921 4373 1165 4462 Lysimachum
1190 4397 1303 4442 amare
1337 4383 1453 4466 potest
1487 4383 1623 4452 dicere?
1668 4387 1758 4454 Nam
1793 4390 1931 4458 omnino
1966 4413 2035 4460 nou
2067 4395 2110 4462 de

256 4511 359 4600 hujus
384 4531 498 4576 amore
522 4508 646 4596 agitur,
671 4506 732 4570 sed
754 4500 866 4570 verbis
889 4499 994 4566 vieini
1018 4499 1142 4564 auditis
1164 4503 1333 4588 persuasit
1356 4504 1420 4570 sibi
1436 4507 1605 4598 Demipho
1628 4510 1725 4577 illum
1748 4513 1842 4600 scire,
1866 4516 1948 4602 quid
1965 4519 2110 4585 amatori

257 4632 452 4702 faciendum
490 4633 545 4718 sit,
571 4636 755 4716 antequam
784 4627 827 4694 ad
850 4623 1025 4692 mulierem
1054 4620 1166 4692 adeat.
1223 4625 1346 4711 Itaque
1369 4634 1409 4694 ut
1430 4629 1510 4699 huic
1545 4636 1733 4702 sententiae
1767 4641 1972 4727 respondeat
2005 4641 2108 4729 loona,

257 4759 471 4826 scribendum
495 4781 566 4825 esse
591 4757 750 4824 arbitror:

655 4878 748 4965 „Seis
771 4876 829 4966 pol
851 4882 891 4942 tu
915 4896 1039 4959 amare,
1063 4894 1165 4960 quom
1188 4875 1294 4944 istaec
1316 4887 1568 4966 praemonstras
1591 4885 1707 4954 mihi.“

255 5025 372 5116 Atque
393 5024 575 5118 Ussingius
598 5024 735 5114 quidem
757 5021 870 5089 locum
893 5039 963 5086 non
979 5038 1051 5085 esse
1066 5015 1240 5105 integrum
1254 5030 1485 5112 perspexerat,
1502 5027 1561 5094 sed
1573 5027 1601 5093 si
1612 5026 1697 5094 haee
1709 5028 1815 5096 verba
1825 5027 1890 5118 ipsi
1901 5027 2107 5120 Lysimacho
