4824 5702
1190 373 1211 438 4

275 570 450 657 Eutychus
485 593 561 637 eum
594 573 787 640 consolatur
817 581 850 640 et
882 597 918 641 se
951 577 1092 643 amicam
1124 577 1376 666 redempturum
1398 599 1470 645 esse
1491 577 1676 669 pollicetur,
1710 576 1876 644 Charinus
1899 584 2057 642 eventum
2079 573 2129 640 rei

277 697 368 765 domi
391 696 604 784 exspectabit.
649 696 690 766 cf.
714 719 745 765 v,
769 701 850 765 498:

1011 819 1129 902 „Domi
1151 827 1286 886 maneto
1308 826 1391 888 me.“

275 941 322 1006 Et
343 941 536 1028 priusquam
559 942 685 1008 amicus
707 941 896 1022 revertitur,
922 940 967 1006 lV
991 946 1007 1007 1
1032 940 1131 1007 domo
1153 941 1225 1007 exit
1245 941 1411 1009 Charinus
1433 943 1486 1008 hia
1508 943 1632 1011 verbis:

554 1065 617 1127 588
640 1061 788 1146 „Sumne
810 1083 873 1148 ego
895 1061 994 1127 homo
1016 1061 1125 1144 miser,
1149 1062 1208 1148 qui
1229 1084 1393 1150 nusquam
1416 1063 1501 1131 bene
1524 1089 1608 1153 queo
1631 1067 1842 1153 quiescerem

641 1183 696 1268 „Si
721 1183 811 1249 domi
833 1205 917 1265 aum,
940 1181 1021 1248 foris
1038 1189 1089 1248 eet
1110 1183 1258 1248 animus:
1281 1183 1334 1248 sin
1355 1184 1437 1251 foria
1459 1206 1540 1271 eum,
1564 1187 1692 1253 animus
1715 1186 1870 1253 domiat.“

276 1306 344 1368 lam
367 1303 409 1370 ab
432 1305 539 1370 amieo
563 1305 605 1372 de
627 1304 734 1372 amica
757 1303 878 1370 amissa
900 1303 1022 1369 certior
1043 1303 1151 1369 factus
1173 1326 1220 1369 vv
1254 1309 1316 1372 659
1332 1328 1422 1394 sqq:

614 1427 685 1512 „Eo
708 1425 853 1510 domum,
876 1432 1008 1514 patrem
1030 1433 1130 1512 atque
1152 1434 1293 1493 matrem
1318 1441 1353 1494 ut
1373 1453 1463 1497 meos
1486 1431 1646 1498 salutem:
1672 1434 1808 1518 postea“

616 1546 731 1629 „Clam
755 1554 884 1634 patrem
907 1549 1016 1634 patria
1038 1546 1102 1612 hac
1124 1547 1284 1634 eflugium
1307 1559 1365 1615 aut
1386 1551 1514 1638 aliquid
1535 1551 1665 1638 capiam
1688 1549 1807 1616 consili
1817 1554 1836 1588 “

275 1666 411 1732 domum
433 1688 528 1734 auam
549 1667 666 1750 intrat,
688 1669 754 1752 uhi,
778 1675 816 1734 ιιι
838 1667 880 1733 de
901 1674 1018 1754 matre,
1040 1669 1094 1736 cui
1116 1670 1152 1735 in
1174 1669 1290 1738 fabula
1311 1671 1404 1737 locus
1426 1695 1495 1740 non
1519 1679 1578 1756 est,
1601 1679 1780 1754 taceamne,
1804 1676 1893 1736 certe
1914 1676 2042 1757 patrem
2060 1692 2128 1736 non

274 1793 385 1873 potest
406 1789 568 1874 invenire,
592 1789 717 1876 quippe
740 1810 838 1875 quem
860 1789 896 1853 in
918 1795 1015 1876 portu
1037 1791 1164 1857 versari
1186 1792 1271 1859 bene
1293 1794 1384 1862 sciat.
1428 1793 1518 1860 Sane
1540 1792 1600 1859 Vl
1624 1792 1703 1858 inde
1726 1792 1841 1858 exiens
1863 1791 2041 1858 exclamat:

578 1912 656 1976 830:
680 1909 821 1992 „In‘men
843 1930 1066 1997 superumque
1088 1911 1309 2002 inferumque,
1332 1914 1435 1995 salve,
1459 1913 1560 1979 simul
1581 1920 1694 1979 autem
1716 1913 1827 1982 vale:“

688 2033 808 2117 „Hunc
830 2032 931 2102 hodie
952 2043 1157 2123 postremum
1180 2035 1303 2102 extollo
1325 2057 1399 2102 mea
1422 2035 1520 2101 domo
1541 2035 1651 2122 patria
1668 2035 1820 2121 pedem.“

277 2161 310 2232 et
332 2175 378 2219 vv
413 2157 475 2220 834
490 2174 537 2240 sq.

712 2295 780 2378 „Di
799 2302 937 2384 penates
959 2319 1069 2362 meum
1098 2303 1285 2383 parentum,
1309 2296 1454 2364 familiai
1475 2296 1542 2362 Lar
1563 2299 1690 2383 pater,“

713 2416 839 2498 „Vobis
863 2418 995 2499 mendo,
1018 2439 1130 2483 meum
1152 2424 1330 2505 parentum
1351 2440 1422 2484 rem
1444 2417 1530 2484 bene
1551 2424 1590 2482 ut
1611 2417 1768 2482 tutemini
1782 2422 1800 2454 “

431 2570 549 2656 Neque
581 2592 661 2637 vero
693 2572 810 2638 melius
833 2571 1053 2661 Demiphonis
1075 2571 1251 2638 consilium
1274 2573 1315 2638 de
1338 2580 1449 2660 empta
1470 2572 1584 2660 puella
1605 2570 1797 2637 collocanda
1819 2587 1854 2638 et
1874 2577 2040 2642 servanda
2065 2577 2133 2644 sibi

279 2700 419 2761 constat.
465 2693 602 2760 Etenim
625 2715 657 2758 v.
682 2699 745 2760 5-12
768 2717 814 2781 sq.
840 2691 1061 2780 Lysimachus
1084 2715 1145 2759 nos
1167 2693 1264 2758 illum
1285 2692 1328 2758 da
1349 2701 1560 2759 unctantem
1583 2694 1638 2759 die
1660 2693 1777 2780 egisse,
1802 2714 1867 2778 quo
1882 2693 2131 2784 Pasicompsam

279 2815 369 2880 domi
391 2836 471 2880 suae
493 2817 670 2900 custodiat,
693 2817 801 2901 docet,
816 2841 847 2885 v.
872 2823 934 2884 560
953 2825 1065 2882 autem
1081 2817 1282 2904 semipsum
1301 2816 1493 2902 Lysimachi
1509 2819 1631 2885 auxilio
1650 2819 1767 2900 „aedis
1783 2821 1912 2906 aliquae
1925 2815 2130 2886 conducere“

279 2937 367 3003 velle
388 2938 551 3004 audimus.
596 2939 738 3005 Prorsus
761 2939 867 3024 aliter,
891 2961 921 3007 v.
938 2943 1000 3004 584
1013 2961 1084 3026 sqq.
1103 2961 1179 3005 cum
1197 2937 1417 3026 Lysimachus
1437 2938 1478 3003 de
1490 2962 1529 3004 ea
1540 2962 1576 3006 re
1589 2941 1732 3006 amioum
1746 2941 1949 3028 interpellat,
1965 2941 2131 3028 Demipho

279 3059 361 3124 satia
394 3059 687 3126 confidenter-vel
716 3063 827 3150 potius
849 3062 1068 3148 neglegenter
1089 3061 1270 3149 respondet
1292 3084 1383 3146 „rem
1406 3083 1476 3128 esse
1498 3066 1679 3149 paratum.“
1724 3063 1791 3128 Sed
1813 3085 1931 3128 revera
1951 3061 2039 3128 nihil
2061 3085 2132 3129 esse

278 3188 442 3270 paratum,
475 3205 519 3250 ne
552 3183 736 3270 cogitatum
763 3183 897 3269 quidem
934 3181 1116 3268 quidquem
1151 3183 1271 3264 exeis,
1300 3204 1385 3268 quae
1406 3188 1601 3270 sequuntur,
1624 3181 1863 3252 concludimus.
1907 3182 2037 3250 Eodem
2061 3183 2132 3250 lere

278 3301 378 3369 modo
389 3303 478 3368 inter
488 3325 524 3369 ee
534 3310 734 3391 repugnant,
744 3325 829 3390 quae
840 3303 1086 3391 Demiphonem
1097 3309 1175 3368 actu
1185 3303 1238 3367 III
1250 3325 1350 3388 agere
1361 3302 1522 3371 videmus.
1566 3303 1678 3369 Senex
1692 3317 1869 3391 postquam
1880 3304 2132 3392 Pasicompeam

279 3424 481 3510 Lysimacho
504 3425 659 3491 vendidit
681 3432 812 3491 etcum
834 3425 897 3491 hoe
919 3424 962 3490 de
983 3446 1070 3489 nave
1091 3424 1127 3488 in
1149 3423 1264 3488 urbem
1288 3423 1388 3506 misit,
1411 3431 1450 3488 ut
1472 3445 1508 3488 ae
1529 3424 1565 3489 in
1587 3423 1692 3490 vicini
1707 3422 1846 3490 aedibus
1861 3427 2129 3512 praestolaretur,

280 3545 351 3634 ipse
374 3546 475 3612 etiam
499 3553 596 3633 portu
617 3545 735 3613 relicto
751 3545 882 3612 domum
898 3545 995 3613 redit.
1040 3543 1094 3608 Ad
1111 3543 1259 3609 vicinum
1276 3565 1351 3608 eum
1369 3552 1621 3631 properaturum
1642 3567 1713 3610 esse
1724 3544 1924 3632 putabimus,
1948 3545 2128 3612 uttendem

281 3667 420 3734 muliere
443 3673 555 3756 empta
576 3665 726 3754 potiatur
779 3667 886 3731 Immo
911 3686 988 3732 vero
1011 3664 1165 3730 audimus
1187 3687 1241 3732 vv.
1266 3669 1328 3730 555
1343 3686 1414 3751 sqq.

694 3822 814 3903 „Nunc
840 3828 953 3888 tumen
980 3820 1108 3886 interea
1136 3821 1179 3886 ud
1201 3820 1279 3885 med
1300 3819 1366 3885 huo
1387 3817 1533 3886 invisam
1555 3819 1722 3886 domum.“

696 3941 809 4031 „Uxor
830 3965 884 4008 me
906 3947 1077 4029 exspectat
1094 3941 1165 4026 jam
1190 3939 1317 4006 dudum
1339 3939 1486 4007 esuriens
1509 3940 1632 4008 (ιοιιιιειι

696 4065 786 4150 ,Iam
805 4063 920 4150 jurgio
944 4062 1097 4146 enicabit,
1120 4062 1149 4127 si
1169 4062 1260 4128 intro
1281 4061 1442 4127 rediero.“

696 4185 840 4273 ,Verum
864 4186 976 4252 hercle
997 4193 1175 4274 postremo,
1199 4188 1275 4248 utut
1297 4188 1357 4268 est,
1379 4203 1448 4247 non
1471 4181 1526 4248 ibo
1547 4183 1689 4265 tamen,“

697 4305 787 4393 ,Sed
808 4306 899 4372 hunc
919 4306 1068 4372 vicinum
1091 4304 1183 4394 prius
1206 4303 1401 4370 conveniam
1426 4326 1526 4390 quam
1549 4303 1704 4370 domum“

698 4427 897 4515 ,Redeam.“

282 4583 350 4650 Sed
372 4583 454 4650 haec
471 4585 507 4650 in
530 4584 586 4667 eis,
611 4607 694 4672 quae
717 4589 912 4671 sequuntur,
934 4582 1034 4669 plane
1056 4581 1290 4668 negleguntur.
1334 4582 1422 4647 Nam
1445 4603 1521 4647 oum
1544 4581 1615 4646 exit
1636 4580 1732 4646 domo
1755 4602 1815 4646 sue
1836 4578 2067 4666 Lysimachus,
2097 4586 2136 4644 ut

151 4695 157 4706 ’
282 4725 359 4772 eum
374 4705 418 4772 ad
432 4707 684 4794 Pasicompsam
696 4712 852 4787 arcessat,
864 4727 966 4772 senex
978 4711 1108 4772 amator
1118 4705 1162 4770 ad
1173 4703 1260 4770 hanc
1270 4723 1448 4790 properare
1459 4701 1559 4788 cupit,
1572 4707 1610 4767 ut
1624 4700 1875 4788 ,amplectatuq
1888 4697 2134 4782 confabuletur,

282 4828 472 4894 ausculatur
486 4831 529 4912 “a
547 4828 614 4894 Sed
630 4826 825 4915 Lysimachi
847 4825 1076 4894 admonitione
1098 4831 1283 4892 commotus
1305 4827 1369 4894 hoc
1390 4845 1522 4913 quoque
1544 4824 1721 4891 consilium
1743 4823 1847 4908 reicit,
1869 4844 1945 4889 eum
1961 4821 2069 4888 amico
2092 4820 2135 4888 ad

280 4951 392 5019 forum
414 4952 534 5039 pergit,
556 4959 595 5018 ut
610 4973 751 5039 coquum
774 4951 948 5036 conducat,
982 4951 1073 5019 cibos
1095 4956 1268 5018 mercetur.
1314 4949 1367 5014 Ne
1388 4969 1409 5012 a
1430 4943 1504 5011 foro
1527 4944 1662 5031 quidem
1684 4966 1781 5010 senes
1803 4965 1870 5010 una
1891 4943 2042 5024 redeunt,
2075 4942 2135 5009 sed

280 5073 449 5164 Demipho
471 5074 531 5140 sub
553 5073 654 5140 finem
679 5070 811 5140 demum
835 5072 1013 5158 fabulaessa
1034 5070 1235 5162 Lysimacho
1258 5091 1277 5136 e
1299 5067 1372 5133 foro
1390 5066 1574 5150 arcessitur,
1591 5087 1690 5152 quem
1706 5065 1787 5154 quid
1803 5064 1939 5132 tandem
1953 5064 2002 5130 ibi
2017 5063 2134 5134 fecisse
