4824 5702
780 1574 876 1759 llo
921 1573 1142 1758 Plauti
1185 1573 1581 1758 Mercatore.

410 2027 585 2118 Demipho,
608 2049 710 2094 senex
742 2025 969 2110 Atheniensis,
1003 2025 1111 2113 primo
1145 2025 1237 2111 agris
1270 2024 1429 2106 colendis,
1463 2031 1536 2089 tum
1573 2031 1717 2090 mercatu
1748 2023 1917 2090 maritimo
1944 2023 2106 2090 maximas

257 2151 393 2218 divitias
414 2150 478 2216 siti
499 2154 759 2236 comparaverat.
805 2146 872 2212 Sed
894 2145 984 2212 filius
1017 2145 1088 2230 ejus
1111 2144 1286 2225 Charinus,
1319 2145 1379 2210 rabi
1411 2145 1557 2232 primum
1590 2167 1632 2210 ex
1659 2143 1796 2231 ephebis
1819 2145 1971 2226 excessit,
1995 2167 2107 2212 amore

257 2271 439 2337 meretricis
472 2275 647 2357 corruptus
684 2291 744 2356 per
780 2267 968 2356 complures
1002 2288 1106 2333 annos
1136 2288 1208 2332 rem
1240 2266 1440 2332 familiarem
1474 2264 1656 2332 admodum
1689 2266 1896 2332 comminuit.
1954 2266 2105 2333 Tandem

256 2390 397 2458 assiduis
409 2391 514 2478 patria
526 2389 808 2456 admonitionibus
824 2395 858 2453 et
880 2387 1040 2454 conviciis
1061 2386 1213 2454 devictus
1235 2408 1382 2453 amorem
1405 2384 1543 2452 missum
1566 2385 1647 2454 fecit
1669 2393 1760 2452 etse
1782 2386 1904 2453 dehinc
1922 2387 1995 2472 jam
2018 2389 2108 2475 patri

256 2510 490 2578 obsecuturum
502 2517 536 2576 et
552 2532 691 2598 peregre
705 2515 888 2574 mercatum
909 2508 1036 2573 iturum
1051 2530 1122 2573 esse
1136 2507 1305 2594 pollicitus
1321 2513 1380 2572 est.
1425 2507 1528 2572 Pater
1542 2507 1643 2573 fidem
1659 2508 1691 2572 ei
1703 2506 1822 2575 habuit
1837 2517 1871 2576 et
1884 2511 2011 2596 gratias
2027 2513 2106 2600 egit.

254 2631 386 2697 Navem
424 2651 593 2717 magnam,
630 2651 757 2694 merces
789 2627 962 2715 pretiosas,
995 2627 1160 2693 talentum
1193 2629 1322 2713 argenti
1357 2626 1388 2691 ei
1420 2627 1611 2693 committit.
1666 2627 1790 2694 Statim
1812 2629 2007 2698 adulescens
2029 2656 2104 2702 cum

256 2749 469 2818 Acanthione
500 2771 607 2830 servo,
641 2749 699 2835 qui
732 2748 812 2814 olim
835 2747 906 2832 ejus
928 2747 1144 2835 paedagogus
1167 2745 1287 2828 fuerat,
1310 2768 1433 2813 navem
1455 2749 1650 2814 conscendit
1671 2755 1705 2813 ct
1727 2748 1886 2816 Rhodum
1908 2774 1943 2817 se
1966 2753 2098 2822 confert

255 2871 315 2936 ubi
335 2869 435 2936 rebus
451 2869 535 2936 bene
556 2870 662 2950 gestia
683 2868 772 2957 patri
793 2869 914 2954 ingens
935 2867 1074 2948 lucrum,
1098 2867 1250 2954 sibiipsi
1272 2866 1400 2954 grande
1422 2868 1590 2954 peculium
1612 2876 1791 2956 comparat.
1835 2872 1903 2938 Sed
1925 2896 2014 2941 novo
2037 2841 2112 2944 illid

256 3013 368 3058 amore
389 2990 573 3077 implicitus
592 2990 634 3055 ab
650 2989 781 3076 hospite
796 2987 931 3054 Rhodio
949 2987 1210 3075 Pasicompsam,
1226 2987 1383 3053 ancillam
1398 2987 1683 3072 formosissimam,
1699 2997 1865 3057 mercatur
1919 2994 1985 3060 Per
2000 3002 2108 3064 totum

232 3172 237 3180 .
257 3109 429 3176 biennium
452 3131 523 3176 cum
547 3132 587 3175 ea
607 3109 722 3175 Rhodi
744 3114 895 3174 versatus
916 3108 1061 3194 negotiis
1083 3108 1182 3194 plane
1204 3107 1347 3194 peractis
1369 3107 1507 3173 taudem
1529 3129 1604 3174 cum
1620 3110 1727 3176 amica
1749 3111 1902 3178 Athenas
1918 3117 2107 3186 revertitur.

258 3229 373 3295 Pridie
385 3230 456 3316 ejus
466 3230 543 3316 diei,
555 3251 619 3316 quo
632 3230 744 3296 fabula
757 3229 886 3324 incipit,
902 3250 1024 3294 navem
1038 3228 1195 3294 Piraeum
1211 3228 1358 3315 appellit,
1370 3229 1584 3318 Pasicompsa
1594 3230 1631 3295 in
1646 3252 1733 3296 nave
1748 3253 1824 3297 cum
1836 3254 1943 3316 servo,
1955 3257 1999 3302 ne
2013 3251 2109 3324 pater

256 3371 325 3416 rem
349 3350 513 3434 resciscat,
536 3350 654 3416 relicta
675 3356 806 3438 eportu
829 3347 964 3414 domum
986 3371 1023 3414 se
1043 3349 1175 3416 confert
1196 3347 1240 3414 ad
1261 3356 1417 3436 parentes
1438 3349 1640 3417 salutandos.
1686 3352 1818 3419 Deinde
1839 3377 1978 3442 vespere
2000 3364 2106 3424 totam

256 3493 326 3536 rem
339 3493 414 3538 cum
436 3470 593 3558 Eutycho
616 3470 731 3554 amico,
755 3469 825 3534 filio
839 3469 1035 3555 Lysimachi
1055 3469 1144 3535 senis
1166 3469 1280 3550 vicini,
1303 3471 1527 3537 communicat
1581 3470 1785 3538 Verisimile
1807 3481 1859 3539 est
1879 3475 2108 3544 adulescentes

257 3592 480 3658 lautissimum
503 3591 696 3656 convivium
718 3589 945 3674 celebravisse,
969 3611 1044 3656 cum
1067 3611 1166 3655 mane
1180 3588 1345 3654 Charinus
1368 3587 1440 3673 ejus
1462 3589 1511 3652 rei
1526 3610 1661 3675 prorsus
1676 3591 1798 3658 oblitus
1813 3595 1865 3661 sit.
1909 3597 2110 3663 Reverterat

260 3711 303 3778 ad
334 3734 467 3796 navem,
501 3711 592 3777 unde
624 3733 722 3776 mane
756 3711 893 3778 domum
924 3731 960 3774 se
992 3708 1167 3775 conferens
1199 3730 1219 3773 a
1251 3731 1349 3774 servo
1371 3708 1543 3792 retinetur,
1578 3710 1636 3795 qui
1657 3710 1728 3797 ipse
1750 3735 1769 3778 a
1791 3722 1891 3801 portu
1912 3717 2012 3803 paulo
2033 3727 2111 3806 post

260 3831 431 3919 profectus
462 3831 581 3898 herum
614 3838 692 3897 ante
719 3831 855 3898 domum
876 3830 981 3918 patris
1004 3831 1199 3916 assequitur,
1221 3835 1260 3894 ut
1282 3828 1405 3894 malam
1426 3851 1497 3894 rem
1520 3851 1675 3916 magnam
1700 3832 1730 3896 ei
1753 3835 1892 3902 nuntiet.
1938 3838 2026 3904 Nam
2052 3840 2110 3904 vix

259 3952 318 4019 ille
338 3952 375 4018 in
396 3954 511 4020 urbem
532 3950 702 4040 profectus
725 3961 804 4036 erat,
829 3973 904 4017 cum
926 3957 1022 4038 pater
1042 3972 1148 4038 parvo
1169 3949 1280 4015 lembo
1302 3948 1463 4014 advectus
1485 3971 1608 4015 navem
1629 3952 1833 4039 conscendit,
1861 3957 2110 4046 Pasicompsam

260 4072 399 4161 aspexit,
441 4093 525 4159 quae
560 4073 613 4154 eit,
649 4078 863 4160 percontatus
900 4077 952 4137 est
1019 4072 1152 4154 Servus,
1190 4091 1234 4136 ne
1269 4093 1322 4135 res
1355 4069 1542 4156 detegatur,
1578 4071 1730 4138 celeriter
1763 4075 1936 4144 mendacio
1969 4079 2111 4146 conficto

260 4194 506 4260 adulescentem
541 4195 716 4261 mulierem
748 4195 847 4261 matri
880 4195 1081 4261 donaturum
1103 4192 1225 4258 Rhodo
1258 4191 1433 4258 advexisse
1465 4193 1609 4264 simulat,
1658 4195 1744 4262 Tum
1778 4197 1951 4263 dominum
1985 4199 2111 4266 dehoc

260 4315 400 4382 consilio
422 4314 596 4382 certiorem
624 4317 781 4402 facturus,
804 4339 847 4383 ne
869 4315 1064 4403 imprudens
1087 4337 1107 4380 a
1128 4336 1208 4380 sene
1229 4313 1446 4401 opprimatur,
1470 4321 1504 4380 et
1525 4315 1597 4402 ipse
1618 4339 1706 4382 nave
1727 4318 1845 4384 relicta
1866 4320 2111 4408 Demiphouem

260 4443 471 4502 antevertere
486 4443 635 4505 conatur.
680 4437 864 4504 Charinum
882 4459 917 4502 re
935 4457 1042 4523 paene
1058 4435 1234 4522 desperata
1249 4433 1291 4500 ad
1306 4457 1424 4500 navem
1441 4443 1675 4522 properantem
1689 4437 1857 4520 admouet,
1874 4462 1917 4506 ne
1932 4441 1967 4506 in
1982 4450 2112 4528 patrem

261 4555 398 4640 incidat,
423 4563 457 4622 et
479 4557 578 4624 ambo
600 4580 734 4623 scenam
756 4558 959 4644 relinquunt.

414 4678 487 4743 Iam
502 4653 656 4744 videmus
672 4701 785 4744 senem
804 4676 1051 4765 Demiphonem
1067 4699 1086 4742 a
1101 4683 1199 4763 portu
1215 4675 1350 4741 domurn
1366 4675 1571 4743 redeuntem.
1616 4679 1694 4766 Ipse
1707 4680 1925 4769 Pasicompsa
1936 4691 2114 4772 conspecta

261 4798 462 4866 calidissimo
479 4821 591 4867 amore
613 4800 736 4887 flagrat
758 4807 799 4884 et,
823 4821 899 4864 cum
922 4799 1011 4864 servi
1033 4796 1206 4862 mendacio
1230 4795 1354 4880 credat,
1378 4797 1447 4863 filio
1470 4799 1672 4885 persuadere
1694 4803 1876 4886 constituit,
1896 4811 1933 4868 ut
1955 4805 2113 4870 ancillam

261 4920 363 4986 matri
384 4943 450 4986 non
473 4921 555 4988 satis
586 4929 700 5008 aptam
723 4920 850 4986 vendat
881 4919 936 4985 vel
969 4919 1085 4984 venire
1107 4916 1262 5004 patietur.
1309 4917 1395 4982 Tum
1419 4941 1455 4983 se
1477 4919 1587 5007 ipsum
1611 4943 1683 4987 eam
1707 4923 1847 4988 mercari
1869 4945 1966 5010 posse
1988 4932 2109 5010 sperat.

261 5041 435 5108 Somnium
449 5049 572 5128 namet,
597 5063 662 5128 quo
685 5063 820 5128 capram
843 5038 1117 5107 formosissimam
1139 5043 1315 5119 mercatus,
1338 5060 1378 5104 ne
1400 5040 1492 5126 prior
1514 5063 1622 5127 capra,
1648 5064 1746 5126 quam
1766 5043 1835 5128 jam
1854 5043 1944 5108 domi
1959 5043 2114 5112 habebat
