4824 5702
1209 383 1230 447 5

289 582 540 672 judicabimus?
587 580 677 649 Sans
693 581 917 672 Lysimachus
942 605 998 652 vv.
1022 585 1088 650 692
1101 605 1175 670 sqq.
1200 606 1316 651 senem
1340 593 1578 675 sumptuosum
1600 588 1742 656 nimium
1766 586 1993 670 obsonavisss,
2018 605 2143 673 coquos

291 706 467 774 hortatum
479 728 550 773 asse
566 708 728 792 queritur.
775 706 842 774 Sed
858 709 939 795 quid
952 707 1048 774 tum?
1093 708 1173 796 Ipse
1189 709 1280 774 enim
1296 731 1331 774 se
1347 731 1493 796 coquum
1508 713 1710 780 conduxisse
1733 712 1839 778 addit.
1885 711 2002 798 Atque
2024 731 2144 777 revera

291 855 348 902 vv.
384 833 448 898 741
463 853 535 918 sqq.
571 853 697 918 coquus
720 831 976 919 Lysimachum,
1011 837 1132 921 utpote
1167 834 1225 920 qui
1259 857 1294 902 se
1317 835 1527 922 conduxerit,
1552 836 1681 903 salutat
1703 843 1739 904 et
1762 835 1955 923 alloquitur.
2001 835 2143 910 Prorsus

292 963 481 1026 evanuerat
494 957 546 1023 his
562 958 644 1025 locis
660 980 806 1046 persona
821 956 1056 1045 Demiphonis.
1093 957 1300 1038 Quinetiam
1315 958 1539 1046 Lysimachus
1557 962 1587 1050 ej
1592 984 1630 1028 us
1645 967 1761 1051 partes
1777 960 1929 1048 sibiipsa
1944 958 2143 1042 vindicavit,

293 1105 370 1149 cum
393 1103 499 1168 coquo
523 1104 661 1149 uxorem
685 1105 783 1148 suam
805 1083 876 1148 ruri
898 1103 980 1166 esse,
1005 1103 1040 1147 se
1063 1103 1203 1148 uxorem
1226 1083 1336 1150 odisse
1359 1089 1399 1148 ut
1422 1107 1571 1173 anguem
1594 1087 1815 1174 gloriaretur„
1855 1083 1944 1164 Quid
1966 1082 2052 1149 haec
2080 1080 2144 1147 sibi

293 1209 437 1276 volunt?
482 1208 540 1274 An
573 1207 771 1296 putabimus
799 1207 835 1272 in
858 1205 989 1272 Graeco
1013 1206 1199 1294 exemplari
1222 1229 1342 1273 revera
1364 1207 1427 1273 has
1450 1207 1555 1277 fuisse
1579 1215 1694 1299 partes
1717 1207 1942 1297 Demiphonis
1966 1212 2002 1273 et
2030 1205 2144 1274 uxoris

293 1334 388 1423 ejus?
433 1332 491 1398 An
514 1353 638 1417 senem,
663 1332 722 1417 qui
745 1331 882 1418 quidem
907 1331 1015 1396 amico
1038 1331 1074 1396 in
1097 1329 1163 1396 hac
1177 1352 1216 1396 re
1233 1331 1425 1418 auxiliatur,
1450 1333 1508 1400 sed
1524 1334 1596 1421 ipse
1611 1355 1748 1421 prorsus
1765 1332 1839 1398 aliis
1855 1331 2004 1398 moribus
2025 1331 2144 1413 utitur,

290 1478 352 1546 per
378 1458 493 1545 jocum
528 1454 617 1521 hanc
652 1455 714 1521 sibi
749 1456 894 1543 gloriam
924 1454 1011 1522 falso
1047 1456 1240 1522 attribuisse
1275 1455 1344 1523 ullo
1378 1457 1480 1524 modo
1513 1457 1717 1524 verisimile
1740 1456 1819 1524 est?
1864 1455 1933 1524 Sed
1955 1461 2030 1521 tum
2053 1457 2145 1522 certe

292 1586 499 1669 spectatores
523 1581 565 1646 de
580 1578 645 1645 hoc
667 1601 704 1646 re
727 1585 762 1646 et
784 1579 984 1646 mutationis
1008 1601 1111 1645 causa
1133 1581 1296 1646 monendi
1318 1586 1426 1651 erant.
1471 1581 1561 1648 Nam
1583 1582 1747 1650 Plautum
1769 1581 1805 1648 id
1829 1581 1939 1648 solum
1962 1581 2081 1668 egisse,
2104 1586 2145 1648 ut

291 1707 364 1794 ejus
398 1706 491 1771 modi
526 1703 781 1770 altercationem
815 1705 1001 1792 conjugum
1035 1706 1274 1791 introduceret,
1303 1727 1373 1772 non
1396 1707 1478 1773 satis
1500 1707 1712 1794 reputavisse
1734 1711 1873 1794 poetam
1896 1703 2145 1793 Demiphonem

291 1829 355 1898 hoo
379 1830 549 1918 attingere
573 1833 627 1898 cui
649 1831 846 1920 persuaderi
868 1831 1005 1918 potest?

452 1955 568 2042 Atque
591 1955 813 2044 Demiphonis
849 1976 984 2040 quoque
1018 1976 1128 2022 mores
1162 1959 1313 2023 mutatos
1348 1961 1384 2022 et
1409 1956 1499 2022 inter
1523 1978 1558 2023 se
1578 1962 1772 2044 pugnantes
1796 1954 1961 2024 videmus.
2005 1954 2144 2021 Etenim

295 2077 385 2144 filius
410 2077 576 2146 Charinus
599 2086 734 2168 patrem
757 2078 931 2168 exemplar
955 2080 1116 2166 antiquae
1138 2079 1321 2166 gravitatis
1345 2085 1380 2148 et
1402 2078 1612 2166 frugalitatis
1638 2079 1743 2168 apud,
1760 2083 1967 2167 spectatores
1988 2077 2145 2167 depingit

295 2203 330 2267 in
352 2200 495 2290 prologo
520 2207 610 2272 etv.
634 2205 700 2269 355
723 2204 820 2270 dicit:
1350 2217 1353 2224 ⁴

854 2327 951 2418 ,Seio
975 2351 1094 2396 saevos
1118 2351 1221 2416 quam
1245 2329 1289 2394 sit
1312 2329 1412 2395 domo
1436 2329 1587 2396 doctus.“

296 2450 382 2517 Cum
409 2474 526 2518 servus
539 2452 634 2518 illum
657 2453 808 2540 puellam
831 2453 1072 2541 subigitavisse
1096 2454 1219 2540 arguit,
1244 2455 1394 2522 maximo
1418 2476 1521 2543 opere
1544 2455 1688 2520 miratur
1699 2453 1911 2538 haecvsrba,
1925 2473 2034 2540 nequa
2047 2451 2144 2540 Lysi-

297 2580 436 2648 machus
460 2579 532 2644 seni
555 2580 598 2646 do
614 2601 649 2644 se
667 2580 739 2666 ipso
756 2578 933 2645 confitenti
949 2577 1050 2644 facile
1064 2579 1199 2644 videtur
1210 2579 1312 2645 fidem
1325 2576 1461 2648 habere.
1507 2579 1574 2644 Sed
1586 2578 1659 2666 ipse
1671 2598 1733 2644 nos
1750 2599 1884 2664 quoque
1899 2577 1999 2644 docet
2014 2599 2047 2644 v.
2062 2575 2144 2642 264:

724 2703 870 2789 ,Amavi
893 2703 1050 2788 equidem
1073 2701 1184 2768 hercle
1208 2723 1272 2790 ego
1296 2701 1376 2768 olim
1400 2703 1434 2768 in
1457 2701 1717 2772 adulescentia.“

295 2837 329 2897 et
353 2853 384 2899 v.
409 2831 490 2894 546:

725 2951 932 3039 ,Certumstz
959 2952 1100 3038 antiqua
1122 2952 1269 3018 recolam
1292 2956 1328 3016 et
1350 2951 1485 3018 servibo
1507 2951 1622 3022 mihi.“

296 3079 410 3165 Atque
435 3099 529 3144 amor
550 3077 690 3143 insanus
713 3083 749 3142 11
771 3081 1008 3165 praeposterus
1032 3077 1120 3142 senis
1145 3097 1253 3142 mores
1276 3097 1396 3140 revera
1419 3077 1580 3163 corrupit.

456 3198 522 3267 Sed
546 3201 650 3266 etiam
672 3200 897 3287 Lysimachus
921 3199 983 3265 sub
1007 3199 1110 3266 finem
1133 3199 1272 3267 fabulae
1297 3224 1328 3270 v.
1353 3201 1456 3272 1001:

779 3324 1052 3413 „Consuetudine
1069 3325 1201 3392 animus
1217 3347 1332 3391 rursus
1355 3331 1390 3391 te
1411 3326 1480 3392 huo
1495 3327 1664 3396 inducet.“

296 3451 526 3540 paenitentiae
547 3449 767 3539 Demiphonis
791 3447 929 3518 diffidit.

457 3574 616 3641 Forsitan
639 3576 744 3642 etiam
767 3574 990 3658 offendamus,
1015 3575 1107 3660 quod
1133 3575 1290 3663 Dorippa
1312 3581 1348 3642 et
1374 3575 1462 3664 Syra
1491 3577 1609 3644 statim
1632 3577 1706 3643 visa
1732 3577 1952 3664 Pasicompsa
1979 3576 2021 3642 de
2048 3573 2146 3662 Lysi·

298 3698 411 3764 machi
435 3720 550 3766 amore
573 3699 735 3786 cogitant.
782 3699 903 3765 Nonne
927 3701 998 3764 veri
1022 3699 1162 3764 similius
1186 3706 1260 3766 erat
1281 3700 1432 3788 puellam
1449 3702 1594 3767 amicam
1608 3700 1761 3788 Eutychi
1777 3701 1869 3767 esse?
1914 3699 2027 3787 Magis
2043 3699 2148 3766 etiam

300 3824 498 3892 mirabimur
521 3824 710 3912 Dorippam
732 3847 803 3890 rem
828 3845 945 3890 veram
968 3846 1046 3890 cum
1060 3823 1283 3914 Demiphonis
1307 3847 1411 3892 uxore
1434 3847 1504 3892 non
1527 3825 1776 3892 communicare
1798 3824 1854 3890 vel
1869 3823 1992 3891 saltem
2007 3822 2148 3912 gravari

299 3947 403 4014 vicini
418 3949 540 4016 vitium
560 3955 633 4015 tam
656 3947 757 4016 facile
780 3949 975 4016 condonari.
1021 3949 1065 4015 In
1088 3948 1212 4015 Casina
1235 3949 1372 4036 quidem
1396 3949 1586 4018 Cleostrata
1609 3956 1644 4018 et
1658 3949 1836 4039 Myrrhina
1858 3971 1954 4017 senes
1976 3947 2147 4036 improbos

297 4072 427 4139 meritis
450 4074 567 4160 poenis
589 4080 838 4162 persequuntur
861 4079 896 4141 et
920 4079 1108 4140 amatorem
1132 4080 1166 4141 et
1190 4074 1382 4162 adjutorem
1404 4077 1488 4162 ejus.
1534 4074 1577 4140 ln
1600 4073 1665 4140 hac
1689 4080 1804 4142 autem
1826 4073 1947 4140 fabula
1968 4071 2147 4160 Eutychus

299 4197 371 4262 seni
392 4195 572 4284 pollicetur
594 4218 734 4264 uxorem
757 4198 799 4264 de
823 4197 925 4286 culpa
946 4197 1061 4262 mariti
1084 4198 1232 4262 celatum
1255 4198 1305 4278 iri,
1330 4204 1366 4264 et
1380 4197 1603 4285 Lysimachus
1629 4198 1766 4286 adjutor
1782 4199 1970 4286 impunitus
1993 4196 2145 4264 discedit.

458 4321 640 4388 Praeterea
660 4343 782 4390 moneo
805 4320 842 4388 in
864 4321 1053 4390 Mercatore
1076 4321 1196 4388 fabula
1218 4321 1327 4388 multa
1349 4344 1530 4409 recurrere,
1553 4345 1641 4409 quae
1664 4325 1768 4390 etiam
1790 4323 1827 4388 in
1862 4321 1935 4388 aliis
1966 4319 2146 4388 comoediis

297 4445 465 4511 Plautinis
488 4445 717 4512 inveniuntur.
764 4445 905 4512 Duobus
921 4447 1002 4514 locis
1018 4447 1084 4536 ipsi
1100 4451 1306 4535 spectatores
1322 4451 1356 4513 et
1369 4447 1518 4514 brevitas
1534 4445 1672 4514 fabulae
1687 4445 1916 4535 proferuntur.
1962 4445 2147 4512 Videamus

298 4592 330 4638 v.
357 4571 430 4636 160.

459 4694 695 4780 „Dormientes
719 4701 925 4785 spectatores
949 4697 1081 4781 metuis,
1106 4719 1148 4762 ne
1172 4719 1215 4764 ex
1237 4719 1355 4764 somno
1379 4697 1549 4764 excites?“
1574 4703 1609 4763 11
1631 4719 1664 4764 v.
1690 4696 1775 4764 1007
1800 4718 1864 4782 sq.:

832 4871 1129 4906 ......
1175 4823 1294 4888 eadem
1317 4822 1452 4888 brevior
1473 4819 1613 4886 fabula“

830 4949 960 5034 „aar

167 5105 175 5116 ·
295 5085 405 5154 Actus
428 5089 529 5180 primi
552 5111 654 5156 scena
677 5091 825 5158 secunda
848 5091 1061 5158 notissimam
1095 5090 1190 5158 illam
1224 5111 1404 5179 personam
1440 5089 1550 5176 „servi
1584 5088 1769 5154 currentis“
1805 5091 1844 5152 ut
1877 5085 1913 5151 in
1937 5084 2148 5154 Curculionis
