<?xml version="1.0" encoding="UTF-8"?>
<!DOCTYPE html PUBLIC "-//W3C//DTD XHTML 1.0 Transitional//EN"
    "http://www.w3.org/TR/xhtml1/DTD/xhtml1-transitional.dtd">
<html xmlns="http://www.w3.org/1999/xhtml" xml:lang="en" lang="en">
 <head>
  <title>
</title>
<meta http-equiv="Content-Type" content="text/html;charset=utf-8" />
  <meta name='ocr-system' content='tesseract 3.04.00' />
  <meta name='ocr-capabilities' content='ocr_page ocr_carea ocr_par ocr_line ocrx_word'/>
</head>
<body>
  <div class='ocr_page' id='page_1' title='image "./plautina00langgoog_0010.png"; bbox 0 0 4824 5702; ppageno 0'>
   <div class='ocr_carea' id='block_1_1' title="bbox 1200 389 1219 450">
    <p class='ocr_par' dir='ltr' id='par_1_1' title="bbox 1200 389 1219 450">
     <span class='ocr_line' id='line_1_1' title="bbox 1200 389 1219 450; baseline 0 0"><span class='ocrx_word' id='word_1_1' title='bbox 1200 389 1219 450; x_wconf 88' lang='lat'>3</span> 
     </span>
    </p>
   </div>
   <div class='ocr_carea' id='block_1_2' title="bbox 283 585 2136 683">
    <p class='ocr_par' dir='ltr' id='par_1_2' title="bbox 283 585 2136 683">
     <span class='ocr_line' id='line_1_2' title="bbox 283 585 2136 683; baseline -0.01 -14"><span class='ocrx_word' id='word_1_2' title='bbox 283 603 447 669; x_wconf 84' lang='grc'><strong>6611616111</strong></span> <span class='ocrx_word' id='word_1_3' title='bbox 458 599 541 666; x_wconf 86' lang='lat' dir='ltr'><strong>satie</strong></span> <span class='ocrx_word' id='word_1_4' title='bbox 563 619 637 663; x_wconf 90' lang='lat' dir='ltr'><strong>eam</strong></span> <span class='ocrx_word' id='word_1_5' title='bbox 660 595 796 683; x_wconf 88' lang='lat' dir='ltr'><strong>quidem</strong></span> <span class='ocrx_word' id='word_1_6' title='bbox 818 591 995 661; x_wconf 82' lang='lat' dir='ltr'>ridiculam</span> <span class='ocrx_word' id='word_1_7' title='bbox 1016 615 1052 659; x_wconf 92' lang='lat' dir='ltr'><strong>se</strong></span> <span class='ocrx_word' id='word_1_8' title='bbox 1074 616 1093 658; x_wconf 91' lang='lat' dir='ltr'><strong>e</strong></span> <span class='ocrx_word' id='word_1_9' title='bbox 1114 591 1198 680; x_wconf 79' lang='lat' dir='ltr'><strong>fuga</strong></span> <span class='ocrx_word' id='word_1_10' title='bbox 1219 590 1347 658; x_wconf 87' lang='lat' dir='ltr'><strong>retrahi</strong></span> <span class='ocrx_word' id='word_1_11' title='bbox 1357 596 1392 656; x_wconf 89' lang='grc'><strong>61</strong></span> <span class='ocrx_word' id='word_1_12' title='bbox 1412 589 1450 655; x_wconf 90' lang='lat' dir='ltr'><strong>in</strong></span> <span class='ocrx_word' id='word_1_13' title='bbox 1471 585 1581 675; x_wconf 89' lang='lat' dir='ltr'><strong>patria</strong></span> <span class='ocrx_word' id='word_1_14' title='bbox 1602 585 1742 652; x_wconf 89' lang='lat' dir='ltr'><strong>retineri</strong></span> <span class='ocrx_word' id='word_1_15' title='bbox 1763 585 1902 673; x_wconf 87' lang='lat' dir='ltr'><strong>patitur.</strong></span> <span class='ocrx_word' id='word_1_16' title='bbox 1947 585 2079 668; x_wconf 88' lang='lat' dir='ltr'><strong>Statim,</strong></span> <span class='ocrx_word' id='word_1_17' title='bbox 2096 589 2136 651; x_wconf 89' lang='lat' dir='ltr'><strong>ut</strong></span> 
     </span>
    </p>
   </div>
   <div class='ocr_carea' id='block_1_3' title="bbox 283 714 2132 926">
    <p class='ocr_par' dir='ltr' id='par_1_3' title="bbox 283 714 2132 926">
     <span class='ocr_line' id='line_1_3' title="bbox 283 714 1222 804; baseline -0.013 -14"><span class='ocrx_word' id='word_1_18' title='bbox 283 726 456 790; x_wconf 89' lang='lat' dir='ltr'><strong>inventam</strong></span> <span class='ocrx_word' id='word_1_19' title='bbox 478 719 601 803; x_wconf 87' lang='lat' dir='ltr'><strong>videat,</strong></span> <span class='ocrx_word' id='word_1_20' title='bbox 624 719 661 784; x_wconf 92' lang='lat' dir='ltr'><strong>in</strong></span> <span class='ocrx_word' id='word_1_21' title='bbox 682 715 876 804; x_wconf 82' lang='lat' dir='ltr'><strong>Lysimachi</strong></span> <span class='ocrx_word' id='word_1_22' title='bbox 899 714 1034 780; x_wconf 91' lang='lat' dir='ltr'><strong>domum</strong></span> <span class='ocrx_word' id='word_1_23' title='bbox 1056 718 1222 801; x_wconf 88' lang='lat' dir='ltr'><strong>properat.</strong></span> 
     </span>
     <span class='ocr_line' id='line_1_4' title="bbox 437 829 2132 926; baseline -0.006 -18"><span class='ocrx_word' id='word_1_24' title='bbox 437 844 610 909; x_wconf 85' lang='lat' dir='ltr'><strong>Postremo</strong></span> <span class='ocrx_word' id='word_1_25' title='bbox 634 839 800 926; x_wconf 84' lang='lat' dir='ltr'>Demipho</span> <span class='ocrx_word' id='word_1_26' title='bbox 832 860 853 903; x_wconf 87' lang='lat' dir='ltr'><strong>a</strong></span> <span class='ocrx_word' id='word_1_27' title='bbox 874 835 1076 924; x_wconf 75' lang='lat' dir='ltr'><strong>Lysimacho</strong></span> <span class='ocrx_word' id='word_1_28' title='bbox 1110 858 1129 901; x_wconf 92' lang='lat' dir='ltr'><strong>e</strong></span> <span class='ocrx_word' id='word_1_29' title='bbox 1156 834 1230 900; x_wconf 83' lang='lat' dir='ltr'><strong>foro</strong></span> <span class='ocrx_word' id='word_1_30' title='bbox 1263 831 1438 900; x_wconf 77' lang='lat' dir='ltr'><strong>arcessitus</strong></span> <span class='ocrx_word' id='word_1_31' title='bbox 1472 829 1515 896; x_wconf 91' lang='lat' dir='ltr'><strong>ab</strong></span> <span class='ocrx_word' id='word_1_32' title='bbox 1536 835 1679 916; x_wconf 89' lang='lat' dir='ltr'><strong>utroque</strong></span> <span class='ocrx_word' id='word_1_33' title='bbox 1700 829 1813 897; x_wconf 90' lang='lat' dir='ltr'><strong>vicino</strong></span> <span class='ocrx_word' id='word_1_34' title='bbox 1835 835 1869 896; x_wconf 89' lang='grc'><strong>61</strong></span> <span class='ocrx_word' id='word_1_35' title='bbox 1889 836 1984 917; x_wconf 89' lang='lat' dir='ltr'><strong>patre</strong></span> <span class='ocrx_word' id='word_1_36' title='bbox 2006 838 2041 897; x_wconf 89' lang='lat' dir='ltr'><strong>et</strong></span> <span class='ocrx_word' id='word_1_37' title='bbox 2061 830 2132 898; x_wconf 85' lang='lat' dir='ltr'><strong>filio</strong></span> 
     </span>
    </p>
   </div>
   <div class='ocr_carea' id='block_1_4' title="bbox 282 950 2134 1182">
    <p class='ocr_par' dir='ltr' id='par_1_4' title="bbox 282 950 2134 1182">
     <span class='ocr_line' id='line_1_5' title="bbox 282 950 2134 1050; baseline -0.009 -15"><span class='ocrx_word' id='word_1_38' title='bbox 282 968 499 1036; x_wconf 86' lang='lat' dir='ltr'><strong>vehementer</strong></span> <span class='ocrx_word' id='word_1_39' title='bbox 519 959 776 1050; x_wconf 73' lang='lat' dir='ltr'><strong>reprehenditur</strong></span> <span class='ocrx_word' id='word_1_40' title='bbox 798 966 833 1025; x_wconf 91' lang='lat' dir='ltr'><strong>et</strong></span> <span class='ocrx_word' id='word_1_41' title='bbox 855 956 1062 1044; x_wconf 87' lang='lat' dir='ltr'><strong>objurgatur.</strong></span> <span class='ocrx_word' id='word_1_42' title='bbox 1108 954 1262 1022; x_wconf 79' lang='lat' dir='ltr'><strong>Tandem</strong></span> <span class='ocrx_word' id='word_1_43' title='bbox 1283 951 1454 1020; x_wconf 85' lang='grc'><strong>1611116116</strong></span> <span class='ocrx_word' id='word_1_44' title='bbox 1477 950 1628 1017; x_wconf 84' lang='lat' dir='ltr'><strong>devictus</strong></span> <span class='ocrx_word' id='word_1_45' title='bbox 1651 958 1686 1017; x_wconf 91' lang='lat' dir='ltr'><strong>et</strong></span> <span class='ocrx_word' id='word_1_46' title='bbox 1706 951 1776 1017; x_wconf 86' lang='lat' dir='ltr'><strong>filio</strong></span> <span class='ocrx_word' id='word_1_47' title='bbox 1791 951 1939 1040; x_wconf 84' lang='lat' dir='ltr'><strong>puellam</strong></span> <span class='ocrx_word' id='word_1_48' title='bbox 1954 952 2134 1018; x_wconf 88' lang='lat' dir='ltr'><strong>concedere</strong></span> 
     </span>
     <span class='ocr_line' id='line_1_6' title="bbox 284 1073 1633 1182; baseline -0.01 -26"><span class='ocrx_word' id='word_1_49' title='bbox 284 1095 416 1156; x_wconf 87' lang='lat' dir='ltr'><strong>coactus</strong></span> <span class='ocrx_word' id='word_1_50' title='bbox 438 1084 573 1151; x_wconf 88' lang='lat' dir='ltr'><strong>veniam</strong></span> <span class='ocrx_word' id='word_1_51' title='bbox 594 1083 751 1168; x_wconf 80' lang='grc'><strong>1111161161</strong></span> <span class='ocrx_word' id='word_1_52' title='bbox 773 1086 807 1145; x_wconf 91' lang='grc'><strong>61</strong></span> <span class='ocrx_word' id='word_1_53' title='bbox 827 1079 956 1159; x_wconf 88' lang='grc'><strong>66116111,</strong></span> <span class='ocrx_word' id='word_1_54' title='bbox 980 1100 1024 1144; x_wconf 91' lang='grc'><strong>116</strong></span> <span class='ocrx_word' id='word_1_55' title='bbox 1045 1077 1143 1143; x_wconf 85' lang='lat' dir='ltr'><strong>uxori</strong></span> <span class='ocrx_word' id='word_1_56' title='bbox 1162 1099 1216 1143; x_wconf 91' lang='lat' dir='ltr'><strong>res</strong></span> <span class='ocrx_word' id='word_1_57' title='bbox 1238 1075 1386 1182; x_wconf 77' lang='lat' dir='ltr'><strong>patefiet,</strong></span> <span class='ocrx_word' id='word_1_58' title='bbox 1410 1073 1633 1161; x_wconf 77' lang='lat' dir='ltr'><strong>consequitur.</strong></span> 
     </span>
    </p>
   </div>
   <div class='ocr_carea' id='block_1_5' title="bbox 281 1227 2139 2299">
    <p class='ocr_par' dir='ltr' id='par_1_5' title="bbox 281 1227 2139 2299">
     <span class='ocr_line' id='line_1_7' title="bbox 437 1227 2134 1323; baseline -0.001 -18"><span class='ocrx_word' id='word_1_59' title='bbox 437 1241 493 1306; x_wconf 81' lang='lat' dir='ltr'><strong>En</strong></span> <span class='ocrx_word' id='word_1_60' title='bbox 525 1235 659 1303; x_wconf 85' lang='lat' dir='ltr'><strong>fabulae</strong></span> <span class='ocrx_word' id='word_1_61' title='bbox 692 1239 929 1320; x_wconf 82' lang='lat' dir='ltr'><strong>argumentum</strong></span> <span class='ocrx_word' id='word_1_62' title='bbox 960 1233 1041 1300; x_wconf 89' lang='lat' dir='ltr'><strong>satis</strong></span> <span class='ocrx_word' id='word_1_63' title='bbox 1074 1233 1224 1319; x_wconf 87' lang='lat' dir='ltr'><strong>simplex,</strong></span> <span class='ocrx_word' id='word_1_64' title='bbox 1268 1230 1328 1297; x_wconf 91' lang='lat' dir='ltr'><strong>uhi</strong></span> <span class='ocrx_word' id='word_1_65' title='bbox 1359 1251 1469 1316; x_wconf 90' lang='lat' dir='ltr'><strong>neque</strong></span> <span class='ocrx_word' id='word_1_66' title='bbox 1501 1227 1679 1295; x_wconf 88' lang='lat' dir='ltr'><strong>lenonibus</strong></span> <span class='ocrx_word' id='word_1_67' title='bbox 1710 1251 1818 1317; x_wconf 91' lang='lat' dir='ltr'><strong>neque</strong></span> <span class='ocrx_word' id='word_1_68' title='bbox 1851 1231 1993 1299; x_wconf 88' lang='lat' dir='ltr'><strong>danistis</strong></span> <span class='ocrx_word' id='word_1_69' title='bbox 2025 1257 2134 1323; x_wconf 88' lang='lat' dir='ltr'><strong>neque</strong></span> 
     </span>
     <span class='ocr_line' id='line_1_8' title="bbox 283 1349 2134 1441; baseline -0.004 -9"><span class='ocrx_word' id='word_1_70' title='bbox 283 1362 513 1432; x_wconf 88' lang='lat' dir='ltr'><strong>meretricibus</strong></span> <span class='ocrx_word' id='word_1_71' title='bbox 537 1358 591 1426; x_wconf 88' lang='lat' dir='ltr'><strong>vel</strong></span> <span class='ocrx_word' id='word_1_72' title='bbox 611 1356 698 1423; x_wconf 88' lang='lat' dir='ltr'><strong>lenis</strong></span> <span class='ocrx_word' id='word_1_73' title='bbox 719 1355 811 1422; x_wconf 90' lang='lat' dir='ltr'><strong>locus</strong></span> <span class='ocrx_word' id='word_1_74' title='bbox 834 1361 895 1437; x_wconf 90' lang='lat' dir='ltr'><strong>est,</strong></span> <span class='ocrx_word' id='word_1_75' title='bbox 917 1376 1026 1441; x_wconf 90' lang='lat' dir='ltr'><strong>neque</strong></span> <span class='ocrx_word' id='word_1_76' title='bbox 1047 1375 1128 1420; x_wconf 89' lang='lat' dir='ltr'><strong>vero</strong></span> <span class='ocrx_word' id='word_1_77' title='bbox 1150 1373 1323 1418; x_wconf 88' lang='lat' dir='ltr'><strong>servorum</strong></span> <span class='ocrx_word' id='word_1_78' title='bbox 1344 1351 1475 1416; x_wconf 88' lang='lat' dir='ltr'><strong>callidis</strong></span> <span class='ocrx_word' id='word_1_79' title='bbox 1491 1349 1577 1416; x_wconf 92' lang='lat' dir='ltr'><strong>dolis</strong></span> <span class='ocrx_word' id='word_1_80' title='bbox 1591 1371 1674 1436; x_wconf 87' lang='lat' dir='ltr'><strong>opus</strong></span> <span class='ocrx_word' id='word_1_81' title='bbox 1689 1356 1747 1419; x_wconf 87' lang='lat' dir='ltr'><strong>est.</strong></span> <span class='ocrx_word' id='word_1_82' title='bbox 1791 1351 1998 1421; x_wconf 86' lang='lat' dir='ltr'><strong>Adulescens</strong></span> <span class='ocrx_word' id='word_1_83' title='bbox 2018 1358 2134 1424; x_wconf 88' lang='lat' dir='ltr'><strong>statim</strong></span> 
     </span>
     <span class='ocr_line' id='line_1_9' title="bbox 283 1471 2132 1565; baseline -0.003 -13"><span class='ocrx_word' id='word_1_84' title='bbox 283 1486 379 1552; x_wconf 84' lang='lat' dir='ltr'><strong>initio</strong></span> <span class='ocrx_word' id='word_1_85' title='bbox 401 1482 534 1549; x_wconf 84' lang='lat' dir='ltr'><strong>fabulae</strong></span> <span class='ocrx_word' id='word_1_86' title='bbox 556 1487 588 1545; x_wconf 92' lang='grc'><strong>61</strong></span> <span class='ocrx_word' id='word_1_87' title='bbox 609 1477 751 1546; x_wconf 87' lang='lat' dir='ltr'><strong>amicam</strong></span> <span class='ocrx_word' id='word_1_88' title='bbox 767 1481 802 1542; x_wconf 89' lang='grc'><strong>61</strong></span> <span class='ocrx_word' id='word_1_89' title='bbox 822 1475 903 1542; x_wconf 87' lang='lat' dir='ltr'><strong>satis</strong></span> <span class='ocrx_word' id='word_1_90' title='bbox 918 1497 1077 1562; x_wconf 87' lang='lat' dir='ltr'><strong>magnam</strong></span> <span class='ocrx_word' id='word_1_91' title='bbox 1091 1473 1268 1562; x_wconf 91' lang='lat' dir='ltr'><strong>pecuniam</strong></span> <span class='ocrx_word' id='word_1_92' title='bbox 1282 1471 1439 1560; x_wconf 89' lang='lat' dir='ltr'><strong>possidet.</strong></span> <span class='ocrx_word' id='word_1_93' title='bbox 1484 1471 1598 1537; x_wconf 89' lang='lat' dir='ltr'><strong>Unum</strong></span> <span class='ocrx_word' id='word_1_94' title='bbox 1614 1471 1719 1537; x_wconf 89' lang='lat' dir='ltr'><strong>instat</strong></span> <span class='ocrx_word' id='word_1_95' title='bbox 1732 1471 1917 1558; x_wconf 88' lang='lat' dir='ltr'><strong>perieulum</strong></span> <span class='ocrx_word' id='word_1_96' title='bbox 1932 1475 2132 1565; x_wconf 90' lang='lat' dir='ltr'><strong>improvisus</strong></span> 
     </span>
     <span class='ocr_line' id='line_1_10' title="bbox 282 1591 2134 1698; baseline -0.004 -23"><span class='ocrx_word' id='word_1_97' title='bbox 282 1609 388 1698; x_wconf 86' lang='lat' dir='ltr'><strong>patris</strong></span> <span class='ocrx_word' id='word_1_98' title='bbox 400 1626 501 1672; x_wconf 88' lang='lat' dir='ltr'><strong>amor.</strong></span> <span class='ocrx_word' id='word_1_99' title='bbox 545 1600 669 1667; x_wconf 84' lang='lat' dir='ltr'><strong>Statim</strong></span> <span class='ocrx_word' id='word_1_100' title='bbox 680 1598 776 1664; x_wconf 89' lang='grc'><strong>1161116</strong></span> <span class='ocrx_word' id='word_1_101' title='bbox 798 1598 835 1662; x_wconf 91' lang='lat' dir='ltr'><strong>in</strong></span> <span class='ocrx_word' id='word_1_102' title='bbox 856 1604 1005 1663; x_wconf 86' lang='lat' dir='ltr'><strong>mentem</strong></span> <span class='ocrx_word' id='word_1_103' title='bbox 1026 1596 1122 1662; x_wconf 83' lang='lat' dir='ltr'><strong>venit</strong></span> <span class='ocrx_word' id='word_1_104' title='bbox 1142 1593 1305 1661; x_wconf 89' lang='lat' dir='ltr'><strong>similium</strong></span> <span class='ocrx_word' id='word_1_105' title='bbox 1326 1593 1563 1680; x_wconf 87' lang='lat' dir='ltr'><strong>exemplorum.</strong></span> <span class='ocrx_word' id='word_1_106' title='bbox 1607 1592 1656 1658; x_wconf 90' lang='lat' dir='ltr'><strong>Ut</strong></span> <span class='ocrx_word' id='word_1_107' title='bbox 1676 1592 1711 1658; x_wconf 91' lang='lat' dir='ltr'><strong>in</strong></span> <span class='ocrx_word' id='word_1_108' title='bbox 1728 1591 1850 1660; x_wconf 82' lang='lat' dir='ltr'><strong>Casina</strong></span> <span class='ocrx_word' id='word_1_109' title='bbox 1874 1596 1962 1662; x_wconf 90' lang='lat' dir='ltr'><strong>etin</strong></span> <span class='ocrx_word' id='word_1_110' title='bbox 1976 1598 2134 1667; x_wconf 83' lang='lat' dir='ltr'><strong>Asinaria</strong></span> 
     </span>
     <span class='ocr_line' id='line_1_11' title="bbox 283 1714 2134 1820; baseline -0.004 -25"><span class='ocrx_word' id='word_1_111' title='bbox 283 1737 379 1820; x_wconf 89' lang='lat' dir='ltr'><strong>pater</strong></span> <span class='ocrx_word' id='word_1_112' title='bbox 399 1724 515 1792; x_wconf 83' lang='lat' dir='ltr'><strong>rivalis</strong></span> <span class='ocrx_word' id='word_1_113' title='bbox 538 1722 601 1788; x_wconf 89' lang='lat' dir='ltr'><strong>filii</strong></span> <span class='ocrx_word' id='word_1_114' title='bbox 622 1729 684 1801; x_wconf 84' lang='grc'><strong>661,</strong></span> <span class='ocrx_word' id='word_1_115' title='bbox 707 1717 767 1783; x_wconf 89' lang='lat' dir='ltr'><strong>sed</strong></span> <span class='ocrx_word' id='word_1_116' title='bbox 788 1717 984 1805; x_wconf 87' lang='lat' dir='ltr'><strong>imprudens</strong></span> <span class='ocrx_word' id='word_1_117' title='bbox 1005 1716 1070 1783; x_wconf 89' lang='lat' dir='ltr'><strong>hae</strong></span> <span class='ocrx_word' id='word_1_118' title='bbox 1090 1717 1127 1782; x_wconf 90' lang='lat' dir='ltr'><strong>in</strong></span> <span class='ocrx_word' id='word_1_119' title='bbox 1150 1714 1274 1783; x_wconf 86' lang='lat' dir='ltr'><strong>fabula.</strong></span> <span class='ocrx_word' id='word_1_120' title='bbox 1317 1715 1427 1802; x_wconf 88' lang='lat' dir='ltr'><strong>Ipsius</strong></span> <span class='ocrx_word' id='word_1_121' title='bbox 1449 1714 1684 1801; x_wconf 89' lang='lat' dir='ltr'><strong>Pasicompsae</strong></span> <span class='ocrx_word' id='word_1_122' title='bbox 1704 1719 1817 1800; x_wconf 85' lang='lat' dir='ltr'><strong>partes</strong></span> <span class='ocrx_word' id='word_1_123' title='bbox 1840 1715 1981 1802; x_wconf 84' lang='lat' dir='ltr'><strong>exiguae</strong></span> <span class='ocrx_word' id='word_1_124' title='bbox 2003 1725 2134 1787; x_wconf 88' lang='lat' dir='ltr'><strong>tantum</strong></span> 
     </span>
     <span class='ocr_line' id='line_1_12' title="bbox 283 1836 2134 1934; baseline -0.005 -15"><span class='ocrx_word' id='word_1_125' title='bbox 283 1859 371 1933; x_wconf 88' lang='lat' dir='ltr'><strong>sunt,</strong></span> <span class='ocrx_word' id='word_1_126' title='bbox 394 1867 503 1934; x_wconf 91' lang='lat' dir='ltr'><strong>neque</strong></span> <span class='ocrx_word' id='word_1_127' title='bbox 525 1841 668 1927; x_wconf 86' lang='lat' dir='ltr'><strong>majores</strong></span> <span class='ocrx_word' id='word_1_128' title='bbox 690 1838 780 1905; x_wconf 89' lang='lat' dir='ltr'><strong>servi</strong></span> <span class='ocrx_word' id='word_1_129' title='bbox 801 1838 1032 1917; x_wconf 85' lang='lat' dir='ltr'><strong>Acanthionis,</strong></span> <span class='ocrx_word' id='word_1_130' title='bbox 1057 1838 1115 1924; x_wconf 90' lang='lat' dir='ltr'><strong>qui</strong></span> <span class='ocrx_word' id='word_1_131' title='bbox 1136 1837 1245 1925; x_wconf 93' lang='lat' dir='ltr'><strong>primo</strong></span> <span class='ocrx_word' id='word_1_132' title='bbox 1267 1841 1401 1903; x_wconf 89' lang='lat' dir='ltr'><strong>tautum</strong></span> <span class='ocrx_word' id='word_1_133' title='bbox 1427 1842 1504 1904; x_wconf 91' lang='grc'><strong>66111</strong></span> <span class='ocrx_word' id='word_1_134' title='bbox 1537 1836 1580 1902; x_wconf 92' lang='lat' dir='ltr'><strong>ad</strong></span> <span class='ocrx_word' id='word_1_135' title='bbox 1612 1857 1683 1903; x_wconf 88' lang='lat' dir='ltr'><strong>rem</strong></span> <span class='ocrx_word' id='word_1_136' title='bbox 1717 1838 1950 1924; x_wconf 82' lang='lat' dir='ltr'><strong>exponendam</strong></span> <span class='ocrx_word' id='word_1_137' title='bbox 1983 1863 2003 1906; x_wconf 96' lang='grc'><strong>6</strong></span> <span class='ocrx_word' id='word_1_138' title='bbox 2034 1848 2134 1929; x_wconf 87' lang='grc'><strong>116616</strong></span> 
     </span>
     <span class='ocr_line' id='line_1_13' title="bbox 284 1959 2135 2050; baseline -0.005 -10"><span class='ocrx_word' id='word_1_139' title='bbox 284 1972 470 2040; x_wconf 87' lang='lat' dir='ltr'><strong>adhibetur.</strong></span> <span class='ocrx_word' id='word_1_140' title='bbox 515 1963 666 2050; x_wconf 89' lang='lat' dir='ltr'><strong>Dorippa</strong></span> <span class='ocrx_word' id='word_1_141' title='bbox 681 1966 714 2025; x_wconf 90' lang='lat' dir='ltr'><strong>et</strong></span> <span class='ocrx_word' id='word_1_142' title='bbox 728 1959 927 2047; x_wconf 89' lang='lat' dir='ltr'><strong>pedissequa</strong></span> <span class='ocrx_word' id='word_1_143' title='bbox 943 1961 1014 2047; x_wconf 90' lang='lat' dir='ltr'><strong>ejus</strong></span> <span class='ocrx_word' id='word_1_144' title='bbox 1029 1961 1117 2049; x_wconf 87' lang='lat' dir='ltr'><strong>Syra</strong></span> <span class='ocrx_word' id='word_1_145' title='bbox 1138 1961 1252 2049; x_wconf 87' lang='lat' dir='ltr'><strong>paucis</strong></span> <span class='ocrx_word' id='word_1_146' title='bbox 1274 1966 1407 2027; x_wconf 87' lang='lat' dir='ltr'><strong>tantum</strong></span> <span class='ocrx_word' id='word_1_147' title='bbox 1429 1967 1522 2026; x_wconf 89' lang='lat' dir='ltr'><strong>actus</strong></span> <span class='ocrx_word' id='word_1_148' title='bbox 1545 1961 1656 2046; x_wconf 83' lang='lat' dir='ltr'><strong>quarti</strong></span> <span class='ocrx_word' id='word_1_149' title='bbox 1677 1960 1787 2026; x_wconf 90' lang='lat' dir='ltr'><strong>scenis</strong></span> <span class='ocrx_word' id='word_1_150' title='bbox 1808 1960 1975 2048; x_wconf 88' lang='lat' dir='ltr'><strong>prodeunt</strong></span> <span class='ocrx_word' id='word_1_151' title='bbox 1997 1968 2032 2028; x_wconf 89' lang='lat' dir='ltr'><strong>et</strong></span> <span class='ocrx_word' id='word_1_152' title='bbox 2047 1963 2135 2050; x_wconf 87' lang='lat' dir='ltr'><strong>Syra</strong></span> 
     </span>
     <span class='ocr_line' id='line_1_14' title="bbox 282 2081 2135 2178; baseline -0.005 -17"><span class='ocrx_word' id='word_1_153' title='bbox 282 2095 353 2161; x_wconf 86' lang='lat' dir='ltr'><strong>sola</strong></span> <span class='ocrx_word' id='word_1_154' title='bbox 385 2091 482 2157; x_wconf 89' lang='lat' dir='ltr'><strong>initio</strong></span> <span class='ocrx_word' id='word_1_155' title='bbox 517 2089 610 2150; x_wconf 90' lang='grc'><strong>661116</strong></span> <span class='ocrx_word' id='word_1_156' title='bbox 643 2095 773 2178; x_wconf 58' lang='grc'><strong>(11116111</strong></span> <span class='ocrx_word' id='word_1_157' title='bbox 807 2111 870 2155; x_wconf 89' lang='lat' dir='ltr'><strong>nec</strong></span> <span class='ocrx_word' id='word_1_158' title='bbox 903 2105 1047 2171; x_wconf 87' lang='lat' dir='ltr'><strong>coquum</strong></span> <span class='ocrx_word' id='word_1_159' title='bbox 1068 2082 1135 2149; x_wconf 91' lang='lat' dir='ltr'><strong>nisi</strong></span> <span class='ocrx_word' id='word_1_160' title='bbox 1157 2082 1201 2148; x_wconf 90' lang='lat' dir='ltr'><strong>ad</strong></span> <span class='ocrx_word' id='word_1_161' title='bbox 1223 2081 1446 2148; x_wconf 84' lang='lat' dir='ltr'><strong>refellendum</strong></span> <span class='ocrx_word' id='word_1_162' title='bbox 1467 2082 1679 2154; x_wconf 87' lang='lat' dir='ltr'><strong>mendacium</strong></span> <span class='ocrx_word' id='word_1_163' title='bbox 1700 2081 1896 2168; x_wconf 88' lang='lat' dir='ltr'><strong>Lysimachi</strong></span> <span class='ocrx_word' id='word_1_164' title='bbox 1918 2091 2135 2171; x_wconf 88' lang='lat' dir='ltr'><strong>apparentem</strong></span> 
     </span>
     <span class='ocr_line' id='line_1_15' title="bbox 281 2202 2139 2299; baseline -0.009 -10"><span class='ocrx_word' id='word_1_165' title='bbox 281 2223 444 2290; x_wconf 86' lang='lat' dir='ltr'><strong>videmus.</strong></span> <span class='ocrx_word' id='word_1_166' title='bbox 489 2221 582 2299; x_wconf 80' lang='lat' dir='ltr'><strong>Quae</strong></span> <span class='ocrx_word' id='word_1_167' title='bbox 614 2241 690 2286; x_wconf 89' lang='lat' dir='ltr'><strong>cum</strong></span> <span class='ocrx_word' id='word_1_168' title='bbox 723 2214 869 2296; x_wconf 85' lang='grc'><strong>11661111,</strong></span> <span class='ocrx_word' id='word_1_169' title='bbox 892 2204 1057 2276; x_wconf 81' lang='grc'><strong>16166616</strong></span> <span class='ocrx_word' id='word_1_170' title='bbox 1079 2203 1145 2270; x_wconf 94' lang='lat' dir='ltr'><strong>duo</strong></span> <span class='ocrx_word' id='word_1_171' title='bbox 1167 2204 1402 2291; x_wconf 87' lang='lat' dir='ltr'><strong>pariasenum</strong></span> <span class='ocrx_word' id='word_1_172' title='bbox 1425 2209 1459 2270; x_wconf 91' lang='grc'><strong>61</strong></span> <span class='ocrx_word' id='word_1_173' title='bbox 1481 2202 1807 2288; x_wconf 58' lang='lat' dir='ltr'><strong>consecrationum</strong></span> <span class='ocrx_word' id='word_1_174' title='bbox 1829 2212 2139 2274; x_wconf 85' lang='lat' dir='ltr'><strong>sceuaversantur.</strong></span> 
     </span>
    </p>
   </div>
   <div class='ocr_carea' id='block_1_6' title="bbox 281 2358 2143 2704">
    <p class='ocr_par' dir='ltr' id='par_1_6' title="bbox 281 2358 2143 2704">
     <span class='ocr_line' id='line_1_16' title="bbox 436 2358 2142 2462; baseline -0.01 -19"><span class='ocrx_word' id='word_1_175' title='bbox 436 2376 504 2443; x_wconf 87' lang='lat' dir='ltr'><strong>Sed</strong></span> <span class='ocrx_word' id='word_1_176' title='bbox 515 2376 587 2462; x_wconf 88' lang='lat' dir='ltr'><strong>jam</strong></span> <span class='ocrx_word' id='word_1_177' title='bbox 603 2396 692 2440; x_wconf 91' lang='lat' dir='ltr'><strong>nunc</strong></span> <span class='ocrx_word' id='word_1_178' title='bbox 706 2371 891 2450; x_wconf 88' lang='lat' dir='ltr'><strong>videamus,</strong></span> <span class='ocrx_word' id='word_1_179' title='bbox 915 2385 981 2451; x_wconf 91' lang='lat' dir='ltr'><strong>quo</strong></span> <span class='ocrx_word' id='word_1_180' title='bbox 1003 2360 1103 2427; x_wconf 90' lang='lat' dir='ltr'><strong>modo</strong></span> <span class='ocrx_word' id='word_1_181' title='bbox 1125 2359 1265 2424; x_wconf 89' lang='lat' dir='ltr'><strong>Plautus</strong></span> <span class='ocrx_word' id='word_1_182' title='bbox 1288 2358 1352 2424; x_wconf 94' lang='lat' dir='ltr'><strong>hoc</strong></span> <span class='ocrx_word' id='word_1_183' title='bbox 1373 2364 1573 2444; x_wconf 89' lang='lat' dir='ltr'><strong>argumento</strong></span> <span class='ocrx_word' id='word_1_184' title='bbox 1594 2379 1675 2424; x_wconf 90' lang='lat' dir='ltr'><strong>usus</strong></span> <span class='ocrx_word' id='word_1_185' title='bbox 1686 2359 1741 2426; x_wconf 89' lang='lat' dir='ltr'><strong>sit.</strong></span> <span class='ocrx_word' id='word_1_186' title='bbox 1781 2361 1832 2425; x_wconf 88' lang='lat' dir='ltr'><strong>Ac</strong></span> <span class='ocrx_word' id='word_1_187' title='bbox 1844 2358 1990 2446; x_wconf 90' lang='lat' dir='ltr'><strong>primum</strong></span> <span class='ocrx_word' id='word_1_188' title='bbox 2005 2360 2142 2447; x_wconf 88' lang='lat' dir='ltr'><strong>quidem</strong></span> 
     </span>
     <span class='ocr_line' id='line_1_17' title="bbox 281 2478 2143 2584; baseline -0.01 -20"><span class='ocrx_word' id='word_1_189' title='bbox 281 2505 395 2564; x_wconf 88' lang='grc'><strong>1166116</strong></span> <span class='ocrx_word' id='word_1_190' title='bbox 417 2497 494 2583; x_wconf 88' lang='lat' dir='ltr'><strong>jure</strong></span> <span class='ocrx_word' id='word_1_191' title='bbox 517 2517 724 2584; x_wconf 84' lang='lat' dir='ltr'><strong>quaeremus,</strong></span> <span class='ocrx_word' id='word_1_192' title='bbox 759 2511 858 2579; x_wconf 91' lang='lat' dir='ltr'><strong>quem</strong></span> <span class='ocrx_word' id='word_1_193' title='bbox 880 2489 1003 2552; x_wconf 88' lang='lat' dir='ltr'><strong>statum</strong></span> <span class='ocrx_word' id='word_1_194' title='bbox 1027 2504 1139 2548; x_wconf 90' lang='lat' dir='ltr'><strong>rerum</strong></span> <span class='ocrx_word' id='word_1_195' title='bbox 1160 2487 1260 2568; x_wconf 86' lang='lat' dir='ltr'><strong>poeta</strong></span> <span class='ocrx_word' id='word_1_196' title='bbox 1281 2481 1344 2546; x_wconf 88' lang='lat' dir='ltr'><strong>sibi</strong></span> <span class='ocrx_word' id='word_1_197' title='bbox 1365 2479 1504 2545; x_wconf 86' lang='lat' dir='ltr'><strong>finxerit</strong></span> <span class='ocrx_word' id='word_1_198' title='bbox 1524 2486 1560 2545; x_wconf 92' lang='lat' dir='ltr'><strong>et</strong></span> <span class='ocrx_word' id='word_1_199' title='bbox 1580 2487 1657 2546; x_wconf 88' lang='lat' dir='ltr'><strong>ante</strong></span> <span class='ocrx_word' id='word_1_200' title='bbox 1679 2479 1793 2546; x_wconf 89' lang='lat' dir='ltr'><strong>oculos</strong></span> <span class='ocrx_word' id='word_1_201' title='bbox 1814 2478 1982 2548; x_wconf 84' lang='lat' dir='ltr'><strong>hahuerit.</strong></span> <span class='ocrx_word' id='word_1_202' title='bbox 2026 2479 2143 2546; x_wconf 91' lang='lat' dir='ltr'><strong>Pridie</strong></span> 
     </span>
     <span class='ocr_line' id='line_1_18' title="bbox 282 2601 2142 2704; baseline -0.006 -22"><span class='ocrx_word' id='word_1_203' title='bbox 282 2618 354 2704; x_wconf 85' lang='lat' dir='ltr'><strong>ejus</strong></span> <span class='ocrx_word' id='word_1_204' title='bbox 387 2617 465 2700; x_wconf 89' lang='lat' dir='ltr'><strong>diei,</strong></span> <span class='ocrx_word' id='word_1_205' title='bbox 500 2639 565 2704; x_wconf 88' lang='lat' dir='ltr'><strong>quo</strong></span> <span class='ocrx_word' id='word_1_206' title='bbox 588 2617 705 2683; x_wconf 78' lang='lat' dir='ltr'><strong>tabula</strong></span> <span class='ocrx_word' id='word_1_207' title='bbox 728 2613 849 2700; x_wconf 78' lang='lat' dir='ltr'><strong>agitur,</strong></span> <span class='ocrx_word' id='word_1_208' title='bbox 873 2605 1039 2673; x_wconf 82' lang='lat' dir='ltr'><strong>Charinus</strong></span> <span class='ocrx_word' id='word_1_209' title='bbox 1062 2601 1184 2669; x_wconf 83' lang='lat' dir='ltr'><strong>Rhodo</strong></span> <span class='ocrx_word' id='word_1_210' title='bbox 1206 2602 1318 2686; x_wconf 83' lang='lat' dir='ltr'><strong>rediit,</strong></span> <span class='ocrx_word' id='word_1_211' title='bbox 1341 2603 1470 2669; x_wconf 87' lang='lat' dir='ltr'><strong>scilicet</strong></span> <span class='ocrx_word' id='word_1_212' title='bbox 1491 2603 1629 2670; x_wconf 89' lang='lat' dir='ltr'><strong>domum</strong></span> <span class='ocrx_word' id='word_1_213' title='bbox 1650 2625 1686 2669; x_wconf 90' lang='grc'><strong>66</strong></span> <span class='ocrx_word' id='word_1_214' title='bbox 1708 2605 1861 2690; x_wconf 84' lang='lat' dir='ltr'><strong>contulit,</strong></span> <span class='ocrx_word' id='word_1_215' title='bbox 1886 2612 1925 2671; x_wconf 91' lang='lat' dir='ltr'><strong>ut</strong></span> <span class='ocrx_word' id='word_1_216' title='bbox 1946 2609 2076 2690; x_wconf 88' lang='lat' dir='ltr'><strong>patrem</strong></span> <span class='ocrx_word' id='word_1_217' title='bbox 2100 2605 2142 2670; x_wconf 88' lang='lat' dir='ltr'><strong>de</strong></span> 
     </span>
    </p>
   </div>
   <div class='ocr_carea' id='block_1_7' title="bbox 281 2725 2056 2829">
    <p class='ocr_par' dir='ltr' id='par_1_7' title="bbox 281 2725 2056 2829">
     <span class='ocr_line' id='line_1_19' title="bbox 281 2725 2056 2829; baseline -0.009 -21"><span class='ocrx_word' id='word_1_218' title='bbox 281 2733 427 2829; x_wconf 89' lang='lat' dir='ltr'><strong>negotiis</strong></span> <span class='ocrx_word' id='word_1_219' title='bbox 449 2741 535 2806; x_wconf 90' lang='lat' dir='ltr'><strong>bene</strong></span> <span class='ocrx_word' id='word_1_220' title='bbox 557 2737 729 2819; x_wconf 83' lang='lat' dir='ltr'><strong>confectis,</strong></span> <span class='ocrx_word' id='word_1_221' title='bbox 753 2736 795 2801; x_wconf 93' lang='lat' dir='ltr'><strong>de</strong></span> <span class='ocrx_word' id='word_1_222' title='bbox 818 2733 946 2800; x_wconf 90' lang='lat' dir='ltr'><strong>divitiis</strong></span> <span class='ocrx_word' id='word_1_223' title='bbox 968 2730 1114 2798; x_wconf 80' lang='lat' dir='ltr'><strong>feliciter</strong></span> <span class='ocrx_word' id='word_1_224' title='bbox 1135 2725 1241 2814; x_wconf 87' lang='lat' dir='ltr'><strong>partis</strong></span> <span class='ocrx_word' id='word_1_225' title='bbox 1264 2725 1408 2792; x_wconf 90' lang='lat' dir='ltr'><strong>doceret.</strong></span> <span class='ocrx_word' id='word_1_226' title='bbox 1453 2725 1541 2792; x_wconf 87' lang='lat' dir='ltr'><strong>Nam</strong></span> <span class='ocrx_word' id='word_1_227' title='bbox 1563 2725 1717 2792; x_wconf 88' lang='lat' dir='ltr'><strong>audimus</strong></span> <span class='ocrx_word' id='word_1_228' title='bbox 1739 2747 1853 2793; x_wconf 89' lang='lat' dir='ltr'><strong>senem</strong></span> <span class='ocrx_word' id='word_1_229' title='bbox 1875 2751 1906 2796; x_wconf 86' lang='lat' dir='ltr'><strong>v.</strong></span> <span class='ocrx_word' id='word_1_230' title='bbox 1930 2728 1994 2791; x_wconf 80' lang='lat'><strong>256</strong></span> <span class='ocrx_word' id='word_1_231' title='bbox 2007 2748 2056 2812; x_wconf 91' lang='lat' dir='ltr'><strong>sq.</strong></span> 
     </span>
    </p>
   </div>
   <div class='ocr_carea' id='block_1_8' title="bbox 707 2881 1614 3096">
    <p class='ocr_par' dir='ltr' id='par_1_8' title="bbox 707 2881 1614 3096">
     <span class='ocr_line' id='line_1_20' title="bbox 707 2881 1341 2977; baseline -0.054 0"><span class='ocrx_word' id='word_1_232' title='bbox 707 2941 725 2977; x_wconf 73' lang='lat' dir='ltr'><strong>a</strong></span> <span class='ocrx_word' id='word_1_233' title='bbox 729 2938 925 2957; x_wconf 90' lang='lat'><strong>·······</strong></span> <span class='ocrx_word' id='word_1_234' title='bbox 939 2893 1040 2973; x_wconf 82' lang='lat' dir='ltr'><strong>atque</strong></span> <span class='ocrx_word' id='word_1_235' title='bbox 1063 2906 1125 2971; x_wconf 91' lang='lat' dir='ltr'><strong>ego</strong></span> <span class='ocrx_word' id='word_1_236' title='bbox 1148 2881 1341 2968; x_wconf 83' lang='lat' dir='ltr'><strong>conspicor“</strong></span> 
     </span>
     <span class='ocr_line' id='line_1_21' title="bbox 708 3000 1614 3096; baseline -0.013 -17"><span class='ocrx_word' id='word_1_237' title='bbox 708 3012 867 3096; x_wconf 72' lang='lat' dir='ltr'><strong>„Navem</strong></span> <span class='ocrx_word' id='word_1_238' title='bbox 891 3030 934 3075; x_wconf 85' lang='lat' dir='ltr'><strong>ex</strong></span> <span class='ocrx_word' id='word_1_239' title='bbox 954 3005 1076 3073; x_wconf 87' lang='lat' dir='ltr'><strong>Rhodo</strong></span> <span class='ocrx_word' id='word_1_240' title='bbox 1099 3008 1197 3090; x_wconf 89' lang='lat' dir='ltr'><strong>quast</strong></span> <span class='ocrx_word' id='word_1_241' title='bbox 1218 3001 1291 3068; x_wconf 90' lang='lat' dir='ltr'><strong>heri</strong></span> <span class='ocrx_word' id='word_1_242' title='bbox 1313 3000 1473 3068; x_wconf 85' lang='lat' dir='ltr'><strong>advectus</strong></span> <span class='ocrx_word' id='word_1_243' title='bbox 1495 3001 1614 3071; x_wconf 87' lang='lat' dir='ltr'><strong>filius.“</strong></span> 
     </span>
    </p>
   </div>
   <div class='ocr_carea' id='block_1_9' title="bbox 280 3155 2134 3618">
    <p class='ocr_par' dir='ltr' id='par_1_9' title="bbox 280 3155 2134 3501">
     <span class='ocr_line' id='line_1_22' title="bbox 283 3155 2134 3260; baseline -0.006 -22"><span class='ocrx_word' id='word_1_244' title='bbox 283 3177 364 3240; x_wconf 88' lang='grc'><strong>116111</strong></span> <span class='ocrx_word' id='word_1_245' title='bbox 397 3178 513 3260; x_wconf 88' lang='lat' dir='ltr'><strong>postea</strong></span> <span class='ocrx_word' id='word_1_246' title='bbox 544 3169 606 3238; x_wconf 88' lang='grc'><strong>113</strong></span> <span class='ocrx_word' id='word_1_247' title='bbox 631 3191 672 3234; x_wconf 87' lang='lat' dir='ltr'><strong>ex</strong></span> <span class='ocrx_word' id='word_1_248' title='bbox 693 3167 804 3234; x_wconf 89' lang='lat' dir='ltr'><strong>verbis</strong></span> <span class='ocrx_word' id='word_1_249' title='bbox 827 3171 862 3232; x_wconf 89' lang='grc'><strong>61</strong></span> <span class='ocrx_word' id='word_1_250' title='bbox 881 3162 987 3252; x_wconf 88' lang='lat' dir='ltr'><strong>patris</strong></span> <span class='ocrx_word' id='word_1_251' title='bbox 1010 3167 1045 3226; x_wconf 92' lang='grc'><strong>61</strong></span> <span class='ocrx_word' id='word_1_252' title='bbox 1065 3158 1128 3224; x_wconf 86' lang='lat' dir='ltr'><strong>filii</strong></span> <span class='ocrx_word' id='word_1_253' title='bbox 1149 3156 1250 3223; x_wconf 89' lang='lat' dir='ltr'><strong>facile</strong></span> <span class='ocrx_word' id='word_1_254' title='bbox 1272 3155 1502 3242; x_wconf 86' lang='lat' dir='ltr'><strong>cognoscimus</strong></span> <span class='ocrx_word' id='word_1_255' title='bbox 1525 3179 1594 3223; x_wconf 89' lang='lat' dir='ltr'><strong>non</strong></span> <span class='ocrx_word' id='word_1_256' title='bbox 1614 3163 1688 3224; x_wconf 93' lang='lat' dir='ltr'><strong>tum</strong></span> <span class='ocrx_word' id='word_1_257' title='bbox 1708 3158 1854 3245; x_wconf 90' lang='lat' dir='ltr'><strong>primum</strong></span> <span class='ocrx_word' id='word_1_258' title='bbox 1886 3167 1964 3248; x_wconf 88' lang='lat' dir='ltr'><strong>post</strong></span> <span class='ocrx_word' id='word_1_259' title='bbox 1993 3163 2134 3250; x_wconf 89' lang='lat' dir='ltr'><strong>longum</strong></span> 
     </span>
     <span class='ocr_line' id='line_1_23' title="bbox 281 3261 2131 3378; baseline -0.004 -20"><span class='ocrx_word' id='word_1_260' title='bbox 281 3293 367 3358; x_wconf 90' lang='lat' dir='ltr'><strong>illud</strong></span> <span class='ocrx_word' id='word_1_261' title='bbox 388 3293 453 3358; x_wconf 86' lang='lat' dir='ltr'><strong>iter</strong></span> <span class='ocrx_word' id='word_1_262' title='bbox 473 3291 669 3358; x_wconf 88' lang='lat' dir='ltr'><strong>Rhodienee</strong></span> <span class='ocrx_word' id='word_1_263' title='bbox 690 3289 766 3354; x_wconf 89' lang='lat' dir='ltr'><strong>illos</strong></span> <span class='ocrx_word' id='word_1_264' title='bbox 789 3261 960 3373; x_wconf 86' lang='lat' dir='ltr'><strong>congredi.</strong></span> <span class='ocrx_word' id='word_1_265' title='bbox 1004 3277 1198 3365; x_wconf 85' lang='lat' dir='ltr'><strong>Eutychum</strong></span> <span class='ocrx_word' id='word_1_266' title='bbox 1221 3276 1365 3342; x_wconf 90' lang='lat' dir='ltr'><strong>amicum</strong></span> <span class='ocrx_word' id='word_1_267' title='bbox 1389 3278 1582 3345; x_wconf 89' lang='lat' dir='ltr'><strong>adulescens</strong></span> <span class='ocrx_word' id='word_1_268' title='bbox 1606 3279 1723 3345; x_wconf 91' lang='lat' dir='ltr'><strong>eodem</strong></span> <span class='ocrx_word' id='word_1_269' title='bbox 1745 3280 1801 3378; x_wconf 82' lang='lat' dir='ltr'><strong>die</strong></span> <span class='ocrx_word' id='word_1_270' title='bbox 1827 3283 1995 3368; x_wconf 90' lang='lat' dir='ltr'><strong>convenit,</strong></span> <span class='ocrx_word' id='word_1_271' title='bbox 2028 3290 2131 3351; x_wconf 89' lang='lat' dir='ltr'><strong>totam</strong></span> 
     </span>
     <span class='ocr_line' id='line_1_24' title="bbox 280 3391 2029 3501; baseline -0.006 -20"><span class='ocrx_word' id='word_1_272' title='bbox 280 3437 352 3481; x_wconf 90' lang='lat' dir='ltr'><strong>rem</strong></span> <span class='ocrx_word' id='word_1_273' title='bbox 374 3413 405 3480; x_wconf 92' lang='lat' dir='ltr'><strong>ei</strong></span> <span class='ocrx_word' id='word_1_274' title='bbox 426 3412 594 3501; x_wconf 83' lang='lat' dir='ltr'><strong>patefecit,</strong></span> <span class='ocrx_word' id='word_1_275' title='bbox 618 3411 683 3477; x_wconf 88' lang='grc'><strong>6161</strong></span> <span class='ocrx_word' id='word_1_276' title='bbox 703 3409 803 3495; x_wconf 87' lang='lat' dir='ltr'><strong>hujus</strong></span> <span class='ocrx_word' id='word_1_277' title='bbox 824 3403 1043 3495; x_wconf 88' lang='lat' dir='ltr'><strong>professionis</strong></span> <span class='ocrx_word' id='word_1_278' title='bbox 1064 3404 1181 3488; x_wconf 85' lang='lat' dir='ltr'><strong>postea</strong></span> <span class='ocrx_word' id='word_1_279' title='bbox 1203 3391 1338 3484; x_wconf 86' lang='lat' dir='ltr'><strong>prorsus</strong></span> <span class='ocrx_word' id='word_1_280' title='bbox 1359 3398 1495 3465; x_wconf 89' lang='lat' dir='ltr'><strong>videtur</strong></span> <span class='ocrx_word' id='word_1_281' title='bbox 1515 3399 1640 3466; x_wconf 85' lang='lat' dir='ltr'><strong>oblitus</strong></span> <span class='ocrx_word' id='word_1_282' title='bbox 1664 3422 1742 3468; x_wconf 90' lang='lat' dir='ltr'><strong>esse.</strong></span> <span class='ocrx_word' id='word_1_283' title='bbox 1787 3400 1824 3466; x_wconf 86' lang='lat' dir='ltr'><strong>of</strong></span> <span class='ocrx_word' id='word_1_284' title='bbox 1852 3424 1884 3469; x_wconf 86' lang='lat' dir='ltr'><strong>v.</strong></span> <span class='ocrx_word' id='word_1_285' title='bbox 1908 3408 1967 3470; x_wconf 87' lang='grc'><strong>481</strong></span> <span class='ocrx_word' id='word_1_286' title='bbox 1982 3427 2029 3490; x_wconf 87' lang='lat' dir='ltr'><strong>sq.</strong></span> 
     </span>
    </p>

    <p class='ocr_par' dir='ltr' id='par_1_10' title="bbox 434 3520 1753 3618">
     <span class='ocr_line' id='line_1_25' title="bbox 434 3520 1753 3618; baseline -0.012 -18"><span class='ocrx_word' id='word_1_287' title='bbox 434 3535 502 3601; x_wconf 84' lang='lat' dir='ltr'><strong>EV.</strong></span> <span class='ocrx_word' id='word_1_288' title='bbox 549 3533 658 3618; x_wconf 87' lang='lat' dir='ltr'><strong>„Tute</strong></span> <span class='ocrx_word' id='word_1_289' title='bbox 679 3530 753 3596; x_wconf 90' lang='lat' dir='ltr'><strong>heri</strong></span> <span class='ocrx_word' id='word_1_290' title='bbox 773 3531 865 3617; x_wconf 91' lang='lat' dir='ltr'><strong>ipsus</strong></span> <span class='ocrx_word' id='word_1_291' title='bbox 888 3527 973 3594; x_wconf 92' lang='lat' dir='ltr'><strong>mihi</strong></span> <span class='ocrx_word' id='word_1_292' title='bbox 994 3527 1144 3596; x_wconf 88' lang='lat' dir='ltr'><strong>narrasti.</strong></span> <span class='ocrx_word' id='word_1_293' title='bbox 1190 3523 1294 3593; x_wconf 82' lang='lat' dir='ltr'><strong>OHA.</strong></span> <span class='ocrx_word' id='word_1_294' title='bbox 1339 3521 1457 3589; x_wconf 88' lang='lat' dir='ltr'><strong>Satine</strong></span> <span class='ocrx_word' id='word_1_295' title='bbox 1473 3529 1516 3586; x_wconf 90' lang='lat' dir='ltr'><strong>ut</strong></span> <span class='ocrx_word' id='word_1_296' title='bbox 1538 3520 1661 3587; x_wconf 89' lang='lat' dir='ltr'><strong>oblitus</strong></span> <span class='ocrx_word' id='word_1_297' title='bbox 1683 3520 1753 3586; x_wconf 85' lang='lat' dir='ltr'><strong>fui“</strong></span> 
     </span>
    </p>
   </div>
   <div class='ocr_carea' id='block_1_10' title="bbox 556 3684 972 3772">
    <p class='ocr_par' dir='ltr' id='par_1_11' title="bbox 556 3684 972 3772">
     <span class='ocr_line' id='line_1_26' title="bbox 556 3684 972 3772; baseline -0.012 -19"><span class='ocrx_word' id='word_1_298' title='bbox 556 3686 655 3772; x_wconf 75' lang='lat' dir='ltr'><strong>„Tibi</strong></span> <span class='ocrx_word' id='word_1_299' title='bbox 677 3707 730 3752; x_wconf 90' lang='grc'><strong>1116</strong></span> <span class='ocrx_word' id='word_1_300' title='bbox 752 3684 972 3751; x_wconf 78' lang='lat' dir='ltr'><strong>narravisse.“</strong></span> 
     </span>
    </p>
   </div>
   <div class='ocr_carea' id='block_1_11' title="bbox 284 3841 970 3934">
    <p class='ocr_par' dir='ltr' id='par_1_12' title="bbox 284 3841 970 3934">
     <span class='ocr_line' id='line_1_27' title="bbox 284 3841 970 3934; baseline -0.016 -21"><span class='ocrx_word' id='word_1_301' title='bbox 284 3847 361 3934; x_wconf 90' lang='lat' dir='ltr'><strong>Ipse</strong></span> <span class='ocrx_word' id='word_1_302' title='bbox 383 3845 547 3912; x_wconf 80' lang='lat' dir='ltr'><strong>Charinus</strong></span> <span class='ocrx_word' id='word_1_303' title='bbox 569 3865 630 3909; x_wconf 91' lang='lat' dir='ltr'><strong>nos</strong></span> <span class='ocrx_word' id='word_1_304' title='bbox 653 3841 812 3908; x_wconf 87' lang='lat' dir='ltr'><strong>docuerat</strong></span> <span class='ocrx_word' id='word_1_305' title='bbox 832 3861 864 3904; x_wconf 83' lang='grc'><strong>1.</strong></span> <span class='ocrx_word' id='word_1_306' title='bbox 889 3841 970 3906; x_wconf 78' lang='lat'>107:</span> 
     </span>
    </p>
   </div>
   <div class='ocr_carea' id='block_1_12' title="bbox 557 3991 1364 4084">
    <p class='ocr_par' dir='ltr' id='par_1_13' title="bbox 557 3991 1364 4084">
     <span class='ocr_line' id='line_1_28' title="bbox 557 3991 1364 4084; baseline -0.014 -19"><span class='ocrx_word' id='word_1_307' title='bbox 557 3999 665 4084; x_wconf 77' lang='lat' dir='ltr'><strong>„Eam</strong></span> <span class='ocrx_word' id='word_1_308' title='bbox 688 4018 742 4062; x_wconf 92' lang='lat' dir='ltr'><strong>me</strong></span> <span class='ocrx_word' id='word_1_309' title='bbox 764 3994 938 4060; x_wconf 87' lang='lat' dir='ltr'><strong>advexisse</strong></span> <span class='ocrx_word' id='word_1_310' title='bbox 959 3992 1037 4059; x_wconf 91' lang='lat' dir='ltr'><strong>nolo</strong></span> <span class='ocrx_word' id='word_1_311' title='bbox 1060 3991 1220 4060; x_wconf 87' lang='lat' dir='ltr'><strong>resciscat</strong></span> <span class='ocrx_word' id='word_1_312' title='bbox 1236 3993 1364 4078; x_wconf 83' lang='lat' dir='ltr'><strong>pater.“</strong></span> 
     </span>
    </p>
   </div>
   <div class='ocr_carea' id='block_1_13' title="bbox 279 4130 2141 5197">
    <p class='ocr_par' dir='ltr' id='par_1_14' title="bbox 283 4130 1561 4221">
     <span class='ocr_line' id='line_1_29' title="bbox 283 4130 1561 4221; baseline -0.01 -15"><span class='ocrx_word' id='word_1_313' title='bbox 283 4139 351 4206; x_wconf 85' lang='lat' dir='ltr'><strong>Sed</strong></span> <span class='ocrx_word' id='word_1_314' title='bbox 373 4138 478 4204; x_wconf 90' lang='lat' dir='ltr'><strong>nimia</strong></span> <span class='ocrx_word' id='word_1_315' title='bbox 500 4137 679 4203; x_wconf 84' lang='lat' dir='ltr'><strong>securitate</strong></span> <span class='ocrx_word' id='word_1_316' title='bbox 700 4156 810 4221; x_wconf 89' lang='lat' dir='ltr'><strong>neque</strong></span> <span class='ocrx_word' id='word_1_317' title='bbox 832 4139 982 4221; x_wconf 89' lang='lat' dir='ltr'><strong>tempore</strong></span> <span class='ocrx_word' id='word_1_318' title='bbox 1002 4155 1111 4220; x_wconf 89' lang='lat' dir='ltr'><strong>neque</strong></span> <span class='ocrx_word' id='word_1_319' title='bbox 1133 4131 1259 4198; x_wconf 88' lang='lat' dir='ltr'><strong>auxilio</strong></span> <span class='ocrx_word' id='word_1_320' title='bbox 1281 4130 1426 4216; x_wconf 86' lang='lat' dir='ltr'><strong>Eutychi</strong></span> <span class='ocrx_word' id='word_1_321' title='bbox 1446 4130 1561 4196; x_wconf 88' lang='lat' dir='ltr'><strong>utitur.</strong></span> 
     </span>
    </p>

    <p class='ocr_par' dir='ltr' id='par_1_15' title="bbox 279 4249 2141 5197">
     <span class='ocr_line' id='line_1_30' title="bbox 436 4249 2135 4340; baseline -0.005 -16"><span class='ocrx_word' id='word_1_322' title='bbox 436 4259 526 4324; x_wconf 88' lang='lat' dir='ltr'><strong>Satis</strong></span> <span class='ocrx_word' id='word_1_323' title='bbox 537 4257 641 4324; x_wconf 90' lang='lat' dir='ltr'><strong>habet</strong></span> <span class='ocrx_word' id='word_1_324' title='bbox 652 4255 795 4322; x_wconf 89' lang='lat' dir='ltr'><strong>amicam</strong></span> <span class='ocrx_word' id='word_1_325' title='bbox 810 4276 885 4320; x_wconf 90' lang='lat' dir='ltr'><strong>cum</strong></span> <span class='ocrx_word' id='word_1_326' title='bbox 900 4253 1033 4320; x_wconf 89' lang='lat' dir='ltr'><strong>servulo</strong></span> <span class='ocrx_word' id='word_1_327' title='bbox 1048 4255 1084 4320; x_wconf 91' lang='lat' dir='ltr'><strong>in</strong></span> <span class='ocrx_word' id='word_1_328' title='bbox 1099 4277 1185 4320; x_wconf 89' lang='lat' dir='ltr'><strong>nave</strong></span> <span class='ocrx_word' id='word_1_329' title='bbox 1200 4252 1353 4339; x_wconf 89' lang='lat' dir='ltr'><strong>relinqui,</strong></span> <span class='ocrx_word' id='word_1_330' title='bbox 1369 4252 1429 4318; x_wconf 89' lang='lat' dir='ltr'><strong>sed</strong></span> <span class='ocrx_word' id='word_1_331' title='bbox 1442 4273 1519 4317; x_wconf 90' lang='lat' dir='ltr'><strong>cum</strong></span> <span class='ocrx_word' id='word_1_332' title='bbox 1533 4257 1630 4340; x_wconf 87' lang='lat' dir='ltr'><strong>pater</strong></span> <span class='ocrx_word' id='word_1_333' title='bbox 1644 4251 1752 4317; x_wconf 90' lang='lat' dir='ltr'><strong>fllium</strong></span> <span class='ocrx_word' id='word_1_334' title='bbox 1765 4273 1852 4317; x_wconf 84' lang='lat' dir='ltr'><strong>nave</strong></span> <span class='ocrx_word' id='word_1_335' title='bbox 1870 4249 2049 4316; x_wconf 88' lang='lat' dir='ltr'><strong>advectum</strong></span> <span class='ocrx_word' id='word_1_336' title='bbox 2065 4273 2135 4316; x_wconf 88' lang='lat' dir='ltr'><strong>esse</strong></span> 
     </span>
     <span class='ocr_line' id='line_1_31' title="bbox 281 4371 2136 4462; baseline -0.004 -16"><span class='ocrx_word' id='word_1_337' title='bbox 281 4379 480 4462; x_wconf 86' lang='lat' dir='ltr'><strong>rescivisset,</strong></span> <span class='ocrx_word' id='word_1_338' title='bbox 497 4385 587 4444; x_wconf 87' lang='grc'><strong>66116</strong></span> <span class='ocrx_word' id='word_1_339' title='bbox 602 4377 696 4444; x_wconf 91' lang='lat' dir='ltr'><strong>illam</strong></span> <span class='ocrx_word' id='word_1_340' title='bbox 711 4375 823 4462; x_wconf 84' lang='lat' dir='ltr'><strong>aliquo</strong></span> <span class='ocrx_word' id='word_1_341' title='bbox 839 4375 974 4441; x_wconf 91' lang='lat' dir='ltr'><strong>detrudi</strong></span> <span class='ocrx_word' id='word_1_342' title='bbox 996 4382 1096 4461; x_wconf 89' lang='lat' dir='ltr'><strong>atque</strong></span> <span class='ocrx_word' id='word_1_343' title='bbox 1118 4373 1278 4441; x_wconf 90' lang='lat' dir='ltr'><strong>abscondi</strong></span> <span class='ocrx_word' id='word_1_344' title='bbox 1292 4395 1427 4440; x_wconf 90' lang='lat' dir='ltr'><strong>necesse</strong></span> <span class='ocrx_word' id='word_1_345' title='bbox 1449 4379 1531 4456; x_wconf 87' lang='lat' dir='ltr'><strong>erat,</strong></span> <span class='ocrx_word' id='word_1_346' title='bbox 1554 4396 1597 4439; x_wconf 91' lang='lat' dir='ltr'><strong>ne</strong></span> <span class='ocrx_word' id='word_1_347' title='bbox 1621 4395 1639 4439; x_wconf 91' lang='lat' dir='ltr'><strong>a</strong></span> <span class='ocrx_word' id='word_1_348' title='bbox 1662 4395 1741 4439; x_wconf 90' lang='lat' dir='ltr'><strong>sene</strong></span> <span class='ocrx_word' id='word_1_349' title='bbox 1763 4372 1979 4438; x_wconf 89' lang='lat' dir='ltr'><strong>inveniretur.</strong></span> <span class='ocrx_word' id='word_1_350' title='bbox 2025 4371 2136 4451; x_wconf 78' lang='lat' dir='ltr'><strong>Quid?</strong></span> 
     </span>
     <span class='ocr_line' id='line_1_32' title="bbox 284 4493 2137 4586; baseline -0.005 -19"><span class='ocrx_word' id='word_1_351' title='bbox 284 4501 431 4568; x_wconf 88' lang='lat' dir='ltr'><strong>Ubinam</strong></span> <span class='ocrx_word' id='word_1_352' title='bbox 443 4499 638 4566; x_wconf 89' lang='lat' dir='ltr'><strong>adulescens</strong></span> <span class='ocrx_word' id='word_1_353' title='bbox 659 4498 731 4585; x_wconf 90' lang='lat' dir='ltr'><strong>ipse</strong></span> <span class='ocrx_word' id='word_1_354' title='bbox 752 4519 813 4586; x_wconf 90' lang='lat' dir='ltr'><strong>per</strong></span> <span class='ocrx_word' id='word_1_355' title='bbox 824 4503 928 4562; x_wconf 88' lang='lat' dir='ltr'><strong>totam</strong></span> <span class='ocrx_word' id='word_1_356' title='bbox 952 4495 1103 4562; x_wconf 88' lang='lat' dir='ltr'><strong>fabulam</strong></span> <span class='ocrx_word' id='word_1_357' title='bbox 1128 4497 1299 4562; x_wconf 81' lang='lat' dir='ltr'><strong>versatur?</strong></span> <span class='ocrx_word' id='word_1_358' title='bbox 1341 4495 1481 4583; x_wconf 87' lang='lat' dir='ltr'><strong>Semper</strong></span> <span class='ocrx_word' id='word_1_359' title='bbox 1501 4496 1591 4562; x_wconf 87' lang='grc'><strong>111161</strong></span> <span class='ocrx_word' id='word_1_360' title='bbox 1604 4501 1739 4583; x_wconf 88' lang='lat' dir='ltr'><strong>portum</strong></span> <span class='ocrx_word' id='word_1_361' title='bbox 1761 4500 1796 4562; x_wconf 92' lang='lat' dir='ltr'><strong>et</strong></span> <span class='ocrx_word' id='word_1_362' title='bbox 1809 4501 1986 4583; x_wconf 86' lang='lat' dir='ltr'><strong>paternam</strong></span> <span class='ocrx_word' id='word_1_363' title='bbox 2001 4493 2137 4558; x_wconf 91' lang='lat' dir='ltr'><strong>domum</strong></span> 
     </span>
     <span class='ocr_line' id='line_1_33' title="bbox 281 4614 2135 4709; baseline -0.004 -21"><span class='ocrx_word' id='word_1_364' title='bbox 281 4630 431 4709; x_wconf 89' lang='lat' dir='ltr'><strong>vagatur.</strong></span> <span class='ocrx_word' id='word_1_365' title='bbox 477 4622 596 4708; x_wconf 85' lang='lat' dir='ltr'><strong>Neque</strong></span> <span class='ocrx_word' id='word_1_366' title='bbox 617 4621 853 4706; x_wconf 84' lang='lat' dir='ltr'><strong>intellegimus,</strong></span> <span class='ocrx_word' id='word_1_367' title='bbox 889 4617 971 4705; x_wconf 90' lang='lat' dir='ltr'><strong>quid</strong></span> <span class='ocrx_word' id='word_1_368' title='bbox 1000 4617 1701 4704; x_wconf 78' lang='grc'><strong>6111161116111116111116661111.21961111</strong></span> <span class='ocrx_word' id='word_1_369' title='bbox 1755 4616 1844 4683; x_wconf 88' lang='lat' dir='ltr'><strong>Sane</strong></span> <span class='ocrx_word' id='word_1_370' title='bbox 1866 4637 1910 4680; x_wconf 91' lang='lat' dir='ltr'><strong>ne</strong></span> <span class='ocrx_word' id='word_1_371' title='bbox 1930 4614 2135 4703; x_wconf 89' lang='lat' dir='ltr'><strong>imprudens,</strong></span> 
     </span>
     <span class='ocr_line' id='line_1_34' title="bbox 279 4736 2135 4828; baseline -0.004 -20"><span class='ocrx_word' id='word_1_372' title='bbox 279 4743 367 4809; x_wconf 84' lang='lat' dir='ltr'><strong>servi</strong></span> <span class='ocrx_word' id='word_1_373' title='bbox 379 4740 591 4808; x_wconf 90' lang='lat' dir='ltr'><strong>mendacium</strong></span> <span class='ocrx_word' id='word_1_374' title='bbox 613 4740 805 4828; x_wconf 87' lang='lat' dir='ltr'><strong>ignoransa</strong></span> <span class='ocrx_word' id='word_1_375' title='bbox 827 4748 924 4828; x_wconf 89' lang='lat' dir='ltr'><strong>patre</strong></span> <span class='ocrx_word' id='word_1_376' title='bbox 945 4738 1198 4827; x_wconf 87' lang='lat' dir='ltr'><strong>opprimeretur,</strong></span> <span class='ocrx_word' id='word_1_377' title='bbox 1223 4738 1452 4804; x_wconf 89' lang='lat' dir='ltr'><strong>admonendus</strong></span> <span class='ocrx_word' id='word_1_378' title='bbox 1465 4744 1544 4824; x_wconf 88' lang='lat' dir='ltr'><strong>erat,</strong></span> <span class='ocrx_word' id='word_1_379' title='bbox 1568 4738 1627 4804; x_wconf 81' lang='lat' dir='ltr'><strong>red</strong></span> <span class='ocrx_word' id='word_1_380' title='bbox 1648 4745 1760 4804; x_wconf 90' lang='lat' dir='ltr'><strong>utrum</strong></span> <span class='ocrx_word' id='word_1_381' title='bbox 1779 4738 1848 4823; x_wconf 90' lang='lat' dir='ltr'><strong>jam</strong></span> <span class='ocrx_word' id='word_1_382' title='bbox 1873 4742 1955 4802; x_wconf 89' lang='lat' dir='ltr'><strong>tunc</strong></span> <span class='ocrx_word' id='word_1_383' title='bbox 1976 4736 2135 4823; x_wconf 86' lang='lat' dir='ltr'><strong>temporis</strong></span> 
     </span>
     <span class='ocr_line' id='line_1_35' title="bbox 281 4856 2134 4951; baseline -0.005 -22"><span class='ocrx_word' id='word_1_384' title='bbox 281 4885 324 4929; x_wconf 91' lang='lat' dir='ltr'><strong>an</strong></span> <span class='ocrx_word' id='word_1_385' title='bbox 339 4861 564 4951; x_wconf 78' lang='lat' dir='ltr'><strong>post-paulum</strong></span> <span class='ocrx_word' id='word_1_386' title='bbox 586 4868 717 4950; x_wconf 91' lang='lat' dir='ltr'><strong>tempus</strong></span> <span class='ocrx_word' id='word_1_387' title='bbox 739 4862 829 4949; x_wconf 89' lang='lat' dir='ltr'><strong>patri</strong></span> <span class='ocrx_word' id='word_1_388' title='bbox 850 4866 1010 4944; x_wconf 84' lang='lat' dir='ltr'><strong>occurrat,</strong></span> <span class='ocrx_word' id='word_1_389' title='bbox 1034 4859 1120 4925; x_wconf 89' lang='lat' dir='ltr'><strong>nihil</strong></span> <span class='ocrx_word' id='word_1_390' title='bbox 1141 4859 1253 4928; x_wconf 84' lang='lat' dir='ltr'><strong>refert.</strong></span> <span class='ocrx_word' id='word_1_391' title='bbox 1298 4861 1417 4948; x_wconf 89' lang='lat' dir='ltr'><strong>Neque</strong></span> <span class='ocrx_word' id='word_1_392' title='bbox 1438 4882 1556 4927; x_wconf 87' lang='lat' dir='ltr'><strong>revera</strong></span> <span class='ocrx_word' id='word_1_393' title='bbox 1577 4859 1660 4947; x_wconf 81' lang='lat' dir='ltr'><strong>fuga</strong></span> <span class='ocrx_word' id='word_1_394' title='bbox 1681 4881 1758 4925; x_wconf 90' lang='lat' dir='ltr'><strong>eum</strong></span> <span class='ocrx_word' id='word_1_395' title='bbox 1774 4856 2134 4945; x_wconf 87' lang='lat' dir='ltr'><strong>quidquamlucratum</strong></span> 
     </span>
     <span class='ocr_line' id='line_1_36' title="bbox 281 4981 2136 5071; baseline -0.005 -21"><span class='ocrx_word' id='word_1_396' title='bbox 281 5005 352 5050; x_wconf 88' lang='lat' dir='ltr'><strong>essa</strong></span> <span class='ocrx_word' id='word_1_397' title='bbox 370 4983 523 5050; x_wconf 90' lang='lat' dir='ltr'><strong>videmus</strong></span> <span class='ocrx_word' id='word_1_398' title='bbox 544 4983 622 5066; x_wconf 87' lang='lat'><strong>113,</strong></span> <span class='ocrx_word' id='word_1_399' title='bbox 645 4983 704 5049; x_wconf 90' lang='lat' dir='ltr'><strong>ubi</strong></span> <span class='ocrx_word' id='word_1_400' title='bbox 726 4988 863 5071; x_wconf 81' lang='lat' dir='ltr'><strong>epatre</strong></span> <span class='ocrx_word' id='word_1_401' title='bbox 885 4987 963 5048; x_wconf 86' lang='lat' dir='ltr'><strong>ante</strong></span> <span class='ocrx_word' id='word_1_402' title='bbox 985 4982 1092 5070; x_wconf 90' lang='lat' dir='ltr'><strong>ipsam</strong></span> <span class='ocrx_word' id='word_1_403' title='bbox 1104 4981 1240 5048; x_wconf 91' lang='lat' dir='ltr'><strong>domum</strong></span> <span class='ocrx_word' id='word_1_404' title='bbox 1263 4981 1529 5069; x_wconf 88' lang='lat' dir='ltr'><strong>deprehenditur.</strong></span> <span class='ocrx_word' id='word_1_405' title='bbox 1574 4981 1644 5048; x_wconf 91' lang='lat' dir='ltr'><strong>Sub</strong></span> <span class='ocrx_word' id='word_1_406' title='bbox 1657 4983 1889 5048; x_wconf 88' lang='lat' dir='ltr'><strong>fiuemscenae</strong></span> <span class='ocrx_word' id='word_1_407' title='bbox 1911 5002 1932 5045; x_wconf 89' lang='lat' dir='ltr'><strong>a</strong></span> <span class='ocrx_word' id='word_1_408' title='bbox 1953 4984 2051 5066; x_wconf 88' lang='lat' dir='ltr'><strong>patre</strong></span> <span class='ocrx_word' id='word_1_409' title='bbox 2067 4999 2136 5043; x_wconf 92' lang='lat' dir='ltr'><strong>non</strong></span> 
     </span>
     <span class='ocr_line' id='line_1_37' title="bbox 279 5100 2141 5197; baseline -0.005 -21"><span class='ocrx_word' id='word_1_410' title='bbox 279 5104 323 5176; x_wconf 78' lang='lat' dir='ltr'><strong>ad</strong></span> <span class='ocrx_word' id='word_1_411' title='bbox 357 5111 492 5195; x_wconf 87' lang='lat' dir='ltr'><strong>portum</strong></span> <span class='ocrx_word' id='word_1_412' title='bbox 525 5105 628 5197; x_wconf 88' lang='lat' dir='ltr'><strong>sequi,</strong></span> <span class='ocrx_word' id='word_1_413' title='bbox 662 5105 722 5172; x_wconf 88' lang='lat' dir='ltr'><strong>sed</strong></span> <span class='ocrx_word' id='word_1_414' title='bbox 756 5106 851 5172; x_wconf 88' lang='lat' dir='ltr'><strong>rebus</strong></span> <span class='ocrx_word' id='word_1_415' title='bbox 884 5103 1051 5171; x_wconf 88' lang='lat' dir='ltr'><strong>mandatis</strong></span> <span class='ocrx_word' id='word_1_416' title='bbox 1084 5103 1253 5192; x_wconf 86' lang='lat' dir='ltr'><strong>praeverti</strong></span> <span class='ocrx_word' id='word_1_417' title='bbox 1281 5102 1394 5190; x_wconf 86' lang='lat' dir='ltr'><strong>jussus</strong></span> <span class='ocrx_word' id='word_1_418' title='bbox 1427 5109 1569 5170; x_wconf 90' lang='lat' dir='ltr'><strong>mortem</strong></span> <span class='ocrx_word' id='word_1_419' title='bbox 1604 5125 1640 5168; x_wconf 91' lang='grc'><strong>66</strong></span> <span class='ocrx_word' id='word_1_420' title='bbox 1669 5103 1734 5169; x_wconf 92' lang='lat' dir='ltr'><strong>sibi</strong></span> <span class='ocrx_word' id='word_1_421' title='bbox 1756 5100 1959 5168; x_wconf 88' lang='lat' dir='ltr'><strong>consciscere</strong></span> <span class='ocrx_word' id='word_1_422' title='bbox 1977 5100 2141 5168; x_wconf 86' lang='lat' dir='ltr'><strong>minatur·</strong></span> 
     </span>
    </p>
   </div>
   <div class='ocr_carea' id='block_1_14' title="bbox 0 0 2416 5701">
    <p class='ocr_par' dir='ltr' id='par_1_16' title="bbox 0 0 2416 5701">
     <span class='ocr_line' id='line_1_38' title="bbox 0 0 2416 5701; baseline 0 0"><span class='ocrx_word' id='word_1_423' title='bbox 0 0 2416 5701; x_wconf 95' lang='lat' dir='ltr'><strong> </strong></span> 
     </span>
    </p>
   </div>
  </div>
 </body>
</html>
